3092 4692
780 225 822 292 15

216 425 280 512 19).
327 423 452 508 Quodsi
474 443 546 490 cum
568 425 620 489 his
647 425 781 506 scriptis
812 419 1007 489 aridissimis
1039 420 1236 489 conferimus
1266 430 1385 510 cetera,

215 550 298 612 quae
329 531 370 596 de
403 531 591 595 charactere
623 529 735 595 decem
766 533 942 611 oratorum,
976 526 1017 593 dc
1039 526 1185 610 Platone,
1210 528 1252 594 dc
1274 530 1386 616 Lysia,

215 637 290 704 aliis
314 639 446 703 exstant
469 634 665 719 fragmenta,
691 654 731 701 ex
754 636 923 700 arentibus
946 634 1027 699 locis
1050 632 1145 700 nobis
1175 634 1325 702 videmur
1353 639 1388 702 in

215 746 366 828 regiones
383 742 628 809 amoenissimas
646 741 765 824 erepti:
790 740 899 807 nullae
915 741 1001 805 enim
1021 740 1087 805 111
1103 741 1197 807 nobis
1214 746 1389 808 occurrunt

215 850 411 917 divisionum
443 847 603 932 argutiae,
636 848 746 914 nullae
779 846 992 929 partitionum
1017 847 1144 930 spinae,
1178 847 1236 912 sed
1268 848 1389 914 iudicia

216 957 257 1022 de
291 955 504 1038 scriptoribus
539 955 670 1037 optimis
705 955 787 1021 satis
821 953 985 1038 elegantia
1019 957 1117 1034 atque
1155 961 1265 1021 acuta:
1305 975 1389 1036 quae

216 1062 368 1128 admirati
404 1081 470 1129 non
507 1063 600 1128 modo
639 1060 768 1141 antiqui
802 1059 982 1127 Caecilium
1021 1066 1220 1126 1111111111
1257 1061 1387 1128 nomine

216 1169 371 1254 nocturnal)
402 1169 461 1235 sed
492 1170 590 1235 etiam
621 1173 754 1234 nostrae
781 1168 903 1232 aetatis
925 1165 990 1233 viri
1014 1165 1102 1233 docti
1124 1167 1276 1234 laudibus
1299 1174 1388 1235 extu·
1431 1176 1434 1179 ’

214 1273 361 1360 11111111)

322 1419 435 1498 Neque
457 1435 535 1484 vero
559 1421 676 1499 sponte
698 1418 751 1485 vel
775 1435 854 1483 casu
876 1415 966 1481 illam
982 1419 1016 1481 11
1031 1414 1168 1482 rationis
1185 1419 1218 1481 11
1233 1418 1390 1485 materiae

216 1524 354 1590 docendi
385 1525 598 1590 mutationem
629 1528 775 1590 exortam
801 1540 873 1590 1111
896 1521 1048 1606 arbitror,
1083 1523 1142 1588 sed
1164 1523 1199 1591 11
1222 1524 1330 1589 aliena
1356 1533 1391 1590 11

216 1632 339 1714 impetu
373 1629 505 1696 aliunde
534 1629 744 1695 vehementer
777 1630 812 1694 11
846 1628 981 1695 Caecilii
1015 1630 1157 1694 animum
1188 1630 1388 1714 insurgente.

218 1732 458 1818 Quaerentibus
481 1741 600 1818 autem,
626 1736 682 1815 qui
704 1734 779 1801 istis
803 1735 1006 1817 temporibus
1030 1735 1177 1802 docuerit
1193 1738 1317 1803 Romae
1339 1739 1392 1804 111

218 1841 341 1925 doctus
378 1839 433 1921 qui
467 1842 613 1923 exemplo
647 1860 706 1907 suo
738 1840 914 1908 caecilium
946 1860 966 1906 1
997 1843 1146 1907 doctrina
1172 1843 1392 1923 Apollodorea

217 1966 369 2014 amovere
391 1954 514 2033 posset,
541 1967 635 2014 nemo
659 1949 753 2015 nobis
777 1952 926 2015 occurret
955 1947 1019 2014 nisi
1041 1948 1218 2031 Dionysius
1241 1949 1391 2015 Halicar-

218 2053 394 2139 nasseusis,
419 2056 676 2136 quamprimum
700 2056 788 2121 iuter
803 2057 952 2121 rhetores
976 2073 1116 2138 graecos
1135 2061 1391 2122 consummatum

216 2159 298 2227 illud
320 2161 485 2227 Atticismi
509 2180 622 2245 genus,
648 2162 743 2241 quale
766 2181 784 2227 e
807 2160 938 2243 scriptis
962 2161 1076 2244 elucet,
1093 2161 1217 2227 Romae
1242 2161 1391 2228 docuisse

217 2270 315 2347 atque
338 2266 437 2333 latius
460 2285 661 2349 propagasse
683 2285 877 2348 persuasum
899 2266 980 2331 mihi
1002 2268 1116 2334 habeo.

324 2427 406 2490 Nam
441 2424 630 2506 priusquam
664 2425 845 2509 Dionysius
879 2426 1015 2492 Romrm
1049 2426 1153 2507 venit,
1197 2427 1291 2491 multi
1325 2428 1392 2492 iam

218 2529 353 2598 inerunt
386 2531 442 2612 qul
480 2532 689 2614 repudiantes
730 2539 889 2600 tumorem
923 2533 1081 2599 Asianum
1120 2532 1164 2597 ad
1209 2532 1391 2599 Atticorum

218 2656 398 2703 sermonem
422 2639 584 2720 puriorem
608 2641 823 2722 confugerent
845 2647 944 2720 atque
967 2658 1066 2705 unum
1090 2640 1154 2704 sibi
1177 2639 1228 2705 vel
1251 2639 1392 2705 alterum

219 2743 402 2809 Atticorum
444 2746 639 2826 scriptorum
681 2745 874 2813 imitandum
913 2749 1088 2810 sumerent.
1160 2749 1268 2826 Atque
1306 2745 1392 2811 inter

219 2849 383 2916 Romanos
394 2849 551 2918 acerrime
562 2849 709 2918 invectos
725 2869 798 2917 esse
812 2852 947 2918 Calvum
959 2856 994 2917 et
1006 2853 1142 2918 Brutum
1158 2853 1192 2916 11
1205 2851 1392 2917 Ciceronem

219 2958 313 3022 nobis
342 2955 499 3041 traditur,
532 2959 608 3038 quia
639 2977 754 3039 parum
778 2957 909 3024 Atticus
940 2977 1012 3024 esse
1035 2958 1205 3025 videratur
1235 2956 1325 3041 (dial.
1351 2958 1391 3023 de

220 3067 301 3127 orat.
337 3060 392 3149 18>
427 3068 460 3129 et
488 3065 575 3130 inter
598 3065 740 3131 (1111111
771 3083 899 3145 quoque
934 3064 1051 3148 fuisse,
1084 3063 1139 3143 qui
1168 3069 1300 3144 praeter
1327 3064 1391 3128 De-

220 3168 418 3235 mosthenem
442 3169 653 3252 Thucydidis,
670 3170 829 3255 Platonis,
848 3170 1034 3254 Hyperidis,
1053 3169 1189 3235 aliorum
1213 3171 1392 3236 orationem

221 3292 364 3354 aequare
393 3275 571 3359 studerent,
596 3295 636 3342 ex
657 3275 761 3358 ipsius
781 3274 934 3357 Dionysii
956 3275 1087 3358 scriptis
1111 3275 1193 3342 satis
1215 3277 1392 3362 apparet.)

330 3505 350 3574 ¹)
369 3507 444 3563 Plut.
463 3507 538 3563 Dem.
558 3523 581 3562 1.
599 3508 658 3577 ΙΠ;
677 3507 803 3564 Hermiae
821 3508 864 3563 ad.
883 3509 955 3565 Plat
975 3506 1219 3577 praeraptam
1238 3508 1320 3564 Phct.
1334 3509 1392 3564 cod.

222 3594 270 3664 613
290 3596 348 3651 (tud.
367 3594 428 3650 265.

329 3698 351 3766 ¹)
371 3702 399 3758 0.
419 3703 450 3758 0.
477 3703 599 3770 Mueller,
627 3703 734 3760 Griech.
763 3704 1011 3774 Litteraturgesch.
1040 3703 1078 3757 II.
1103 3701 1164 3759 330.
1191 3704 1311 3760 Bnrckh.
1335 3704 1354 3760 l.
1373 3704 1392 3759 l.

222 3806 285 3860 pag.
315 3788 332 3842 6
359 3807 417 3860 sqq.
446 3807 509 3861 pag.
537 3794 566 3861 93
594 3792 641 3862 253
669 3794 758 3848 Blass.
784 3794 892 3849 Griech.
923 3792 1033 3848 Bereds.
1056 3808 1120 3861 pag.
1151 3791 1203 3845 179
1237 3809 1296 3861 sqq.
1328 3808 1391 3862 pag.

222 3877 276 3934 210
294 3895 352 3947 sqq.
370 3896 433 3948 pag.
453 3877 518 3950 2083
537 3883 597 3935 Att·
616 3882 726 3936 Bereds.
745 3880 813 3948 ῙΠ,1
832 3898 895 3951 pag.
914 3882 944 3949 53
963 3880 1085 3935 Martens
1102 3882 1121 3935 l.
1140 3882 1159 3935 l.
1178 3898 1204 3950 p.
1223 3879 1249 3932 9.

330 3985 354 4053 ⁸)
373 3988 484 4055 Dionys.
504 3988 537 4042 de
555 3986 619 4042 Diu.
638 3990 699 4043 18.
717 4005 781 4058 pag
800 3987 865 4042 645:
890 3987 959 4048 cert
972 3986 1145 4065 Θουκυδίδην
1157 3986 1255 4065 ζηλοῦν
1266 3987 1394 4066 λέγοντες

227 4075 276 4135 καὶ
306 4072 340 4136 τὸ
372 4078 425 4155 μὲν
456 4072 569 4138 εὔτονον
592 4079 641 4136 καὶ
675 4073 793 4157 στερεὸν
816 4079 865 4136 καὶ
896 4073 987 4136 δεινὸν
1017 4078 1066 4136 καὶ
1095 4073 1133 4136 τὰ
1162 4073 1276 4143 τούτοις
1307 4068 1393 4152 ὅμοια

225 4156 356 4245 χαλεπῶς
386 4160 623 4246 ἐκλαμβάνοντες,
653 4162 720 4235 τοὺς
742 4164 774 4226 di
805 4165 1023 4244 σολοικοφανεῖς
1052 4159 1275 4245 σχηματισμοὺς.
1289 4164 1338 4221 καὶ
1360 4157 1395 4222 τὸ

226 4252 352 4352 ἀσαφὲς,
376 4251 873 4347 111χ1ιριζᾷρενοιμκιοξνυμεύχερῶς
893 4250 1195 4343 ,ἂν,ἀν1νρίσκοι111,
1217 4254 1250 4309 ἐκ
1284 4246 1388 4311 τούτου
