3092 4692
772 269 817 334 31

692 363 904 370 ..—--—————

212 464 404 547 scriptorem
440 463 656 548 „Gorgianis“
693 465 758 531 illis
793 467 907 549 ligulis
930 464 1183 551 ornatissimum,
1216 488 1278 550 quo
1311 468 1382 536 iure

211 570 401 656 Isocratem,
420 571 509 637 cuius
533 573 690 639 sermonis
714 573 879 655 exemplis,
896 578 933 639 ut
954 573 1077 657 figuras
1099 573 1287 660 illustraret,
1312 575 1382 658 ipse

211 678 409 745 Aristoteles
440 682 602 762 utebatur,
634 682 789 745 Isocratis
825 681 881 747 ille
911 679 1144 747 adversarius?
1190 681 1281 764 Quae
1311 701 1381 748 cum

196 786 259 851 ita
283 787 359 868 sint,
383 790 419 850 ut
434 785 588 869 Gorgiam
614 806 769 852 canonem
794 787 953 867 quendam
977 787 1086 852 decem
1110 792 1276 854 oratorum
1296 789 1382 854 Atti·

212 911 322 957 corum
352 893 493 976 neusse,
526 897 635 973 putem
671 893 749 958 mihi
772 892 971 974 persuadere
1003 912 1070 958 non
1103 912 1251 976 possum;
1285 894 1382 960 immo

211 1111 245 1169 et
261 1104 404 1170 Asianos
421 1105 626 1185 eloquentiae
642 1108 688 1172 eis
702 1107 903 1187 temporibus
915 1103 1062 1171 florentis
1074 1108 1234 1173 rationem
1247 1109 1382 1176 haberet

211 1219 245 1277 et
260 1230 315 1277 eos
331 1213 521 1296 respiceret,
539 1214 592 1293 qui
609 1212 670 1277 sibi
688 1230 784 1277 unum
801 1214 854 1278 vel
870 1214 1005 1277 alterum
1020 1212 1201 1280 Atticorum
1219 1219 1382 1282 oratorum

209 1317 401 1383 imitandum
425 1318 708 1400 proposuissent.1)

317 1442 380 1508 Sed
395 1444 461 1508 iarn
477 1443 573 1508 finem
588 1442 791 1523 imponamus
807 1445 883 1509 huic
900 1443 940 1509 de
956 1461 1079 1509 canone
1095 1443 1204 1510 decem
1217 1449 1381 1511 oratorum

212 1548 435 1633 disputationi,
460 1567 524 1628 qua
547 1549 674 1629 quidem
697 1551 778 1614 illud
801 1550 878 1615 mihi
903 1548 1050 1616 docuisse
1071 1549 1185 1617 videor
1208 1571 1227 1616 a
1250 1554 1382 1617 summis

208 1653 394 1720 rhetoribus
418 1655 549 1720 decadis
580 1654 739 1721 rationem
771 1656 853 1722 adeo
885 1675 949 1722 non
973 1674 1044 1721 esse
1075 1655 1234 1741 habitam,
1258 1662 1381 1725 utnon

209 1765 331 1826 temere
355 1762 497 1826 conicias
512 1778 645 1842 prorsus
660 1761 728 1827 illis
744 1761 825 1828 viris
841 1781 913 1828 earn
934 1762 1035 1829 fuisse
1054 1761 1211 1846 ignotam.
1257 1764 1383 1846 Quodsi

208 1866 280 1931 laus
296 1868 480 1949 pervulgati
498 1869 632 1934 canonis
643 1870 713 1934 iure
725 1869 782 1934 uni
794 1868 936 1946 Caecilio
948 1869 1123 1936 tribuenda
1135 1888 1207 1935 esse
1219 1869 1380 1956 videatur,

208 1977 279 2043 sive
301 1975 373 2058 ipse
398 1979 580 2059 composuit
603 1976 673 2044 sive
695 1977 829 2043 aliunde
859 1981 1026 2058 receptum
1051 1978 1093 2043 ad
1122 1977 1227 2042 lucem
1258 1977 1380 2059 primus

208 2081 458 2166 produxissem
482 2083 523 2148 ad
545 2088 690 2149 nostram
713 2082 936 2163 quaestionem
961 2082 1001 2149 de
1024 2084 1145 2149 aetatis
1167 2083 1254 2149 inter
1269 2085 1379 2150 Caeci·

206 2189 284 2254 lium
308 2193 341 2254 et
356 2188 547 2272 Dionysium
564 2189 751 2255 discrimine
768 2191 914 2256 habitam
931 2195 1085 2270 quantum
1100 2190 1210 2256 valcat
1226 2189 1380 2257 denarius

206 2313 366 2379 numerum,
380 2295 437 2364 vix
450 2314 639 2376 quemquam
652 2296 768 2378 fugiet.
817 2298 928 2377 Neque
945 2297 1074 2361 enimsi
1091 2301 1168 2361 ante
1185 2295 1380 2379 Dionysium

208 2400 368 2467 Caecilius
392 2405 587 2468 auctoritate
610 2401 729 2468 florens
757 2421 911 2468 canonem
935 2403 1026 2468 illum
1049 2404 1289 2487 pervulgasset,
1312 2404 1379 2488 ille,

175 2541 178 2546 ·
207 2525 276 2572 cum
295 2506 541 2575 commentarios
554 2515 640 2575 esset
656 2508 847 2593 scripturae,
861 2508 1023 2574 notissimi
1035 2507 1203 2589 scriptoris
1219 2508 1380 2575 delectum

207 2615 407 2695 neglexisset
437 2634 550 2699 neque,
576 2634 669 2696 quarn
705 2616 868 2681 rationem
901 2617 936 2681 in
971 2614 1131 2697 eligendis
1166 2613 1380 2696 scriptoribus

207 2722 331 2786 amicus
363 2721 573 2805 adhibuisset,
609 2723 739 2789 silentio
764 2722 910 2788 consulto
946 2722 1228 2803 praetermisisset.
1287 2721 1380 2803 Quod

291 2902 295 2908 ’
314 2897 335 2966 ¹)
354 2899 536 2956 Nominantnr
555 2900 661 2968 Lysiae,
680 2900 835 2968 Hyperidis,
854 2900 1051 2966 Demosthenis,
1076 2898 1206 2954 Dinarchi
1231 2904 1380 2955 sectatores

206 3003 266 3043 cum
284 3005 300 3042 a
319 2989 448 3045 Cicerone
466 2994 525 3045 turn
544 3007 561 3044 a
579 2989 725 3057 Dionysio:
745 2990 830 3044 fnisse
849 2989 932 3044 etiam
957 2990 1003 3059 qui
1023 2991 1180 3058 Lycurgum
1204 2988 1380 3044 imitarentur

203 3077 268 3132 inde
286 3079 412 3146 conicias,
431 3081 502 3148 qnod
520 3080 549 3134 in
558 3078 628 3134 libro
636 3100 667 3144 re,
683 3076 831 3159 μιμήσεως
844 3077 1166 3148 DionysiuslocoIsaei
1179 3078 1380 3146 Lycurgum

204 3166 357 3224 imitatione
367 3170 481 3239 dignum
491 3167 669 3238 proposuerit.
699 3172 758 3225 Hoc
776 3187 830 3226 non
843 3166 1280 3235 fortuitofacturnesscarbitrcr5
1303 3167 1381 3223 vides

206 3254 278 3308 enim
297 3258 412 3324 Isaeum,
438 3276 517 3326 quem
535 3276 584 3314 nec
610 3260 703 3315 Cicero
722 3276 772 3315 nec
797 3259 916 3327 Gorgias
941 3261 1140 3321 commemorat,
1157 3255 1231 3310 vadeo
1261 3256 1380 3312 tenebris

206 3343 333 3400 obrutum
346 3347 439 3413 fuisse,
453 3353 484 3404 ut
496 3348 645 3418 Dionysius
659 3349 799 3405 occasione
813 3348 906 3404 oblata
918 3363 966 3415 pro
985 3363 1025 3412 co,
1040 3361 1118 3413 quem
1137 3345 1166 3398 in
1179 3345 1381 3400 commentariis

204 3434 374 3502 laudaverat,
393 3436 572 3492 substitueret
591 3439 747 3508 Lycurgum
766 3436 855 3505 magis
879 3442 973 3491 notum
992 3434 1164 3504 scriptorem,
1190 3449 1268 3500 quem
1287 3433 1380 3491 (liceto

204 3539 311 3594 quoque
329 3524 452 3581 nominat
469 3525 499 3581 in
518 3526 630 3582 summis
643 3525 796 3582 oratoribus
810 3526 842 3580 de
855 3530 924 3581 orat.
938 3525 976 3590 Π,
989 3523 1032 3592 94;
1046 3524 1124 3578 Brut.
1138 3519 1182 3573 36.
1219 3521 1380 3579 Aeschinem

203 3617 348 3680 propterea
360 3614 477 3668 fortasse
488 3615 607 3685 Gorgias
622 3615 754 3685 neglexit,
768 3615 841 3683 quod
852 3618 960 3684 praeter
972 3610 1197 3666 Demosthenicae
1208 3610 1380 3679 eloquentiae

204 3706 291 3756 artem
309 3702 460 3769 Aeschinis,
479 3704 525 3771 qai
544 3705 752 3760 Demosthenem
772 3703 913 3772 expressit,
933 3716 1004 3756 nora
1021 3700 1067 3754 vel
1090 3699 1207 3755 clariora
1230 3700 1380 3769 figurarum

204 3790 328 3859 exempla
347 3807 401 3847 non
427 3791 542 3848 invenit.
580 3795 779 3849 Isocrateorum
805 3792 919 3860 denique
944 3793 1045 3844 sectam
1069 3803 1155 3856 neque
1174 3787 1267 3843 Cicero
1293 3804 1379 3857 neque

204 3880 352 3949 Dionysius
371 3897 432 3935 cum
449 3881 506 3937 ullo
530 3883 590 3938 loco
616 3888 812 3949 commemoret,
838 3881 973 3936 coniceres
997 3878 1080 3932 facile
1116 3878 1265 3933 Isocratem
1290 3876 1379 3944 magis

203 3968 233 4022 in
250 3968 515 4040 technographorum
533 3971 651 4025 officinis
670 3988 751 4039 quam
769 3971 799 4025 in
811 3971 872 4025 lnce
884 3966 1008 4037 viguisse
1026 3966 1141 4021 forensis
1153 3966 1236 4020 vitae.
1274 3965 1309 4019 cf.
1322 3964 1377 4018 Cic.

204 4073 242 4112 or.
261 4057 309 4113 42:
328 4057 468 4127 (Isocratis
495 4059 602 4114 dicendi
627 4057 723 4126 genas)
742 4075 855 4128 pompae
874 4073 953 4126 quam
978 4071 1087 4124 pugnae
1111 4054 1202 4124 aptius
1227 4051 1379 4120 gymnasiis

203 4156 232 4201 et
249 4147 405 4215 palaestrae
423 4149 552 4214 dicatum,
571 4152 692 4218 spretum
711 4155 739 4203 et
757 4148 864 4216 pulsum
891 4147 963 4214 foro,
989 4145 1035 4199 sed
1062 4145 1133 4212 quod
1157 4142 1272 4196 educata
1296 4139 1378 4195 huius

205 4235 383 4292 nutrimentis
401 4237 559 4306 eloquentia
576 4238 638 4307 ipsa
656 4253 684 4291 se
702 4241 797 4307 postca
815 4236 920 4291 colorat
938 4239 966 4290 et
983 4233 1102 4295 roborat,
1120 4246 1174 4285 non
1191 4228 1312 4283 alienum
1323 4227 1377 4283 fuit

203 4326 236 4382 de
257 4327 375 4382 oratoris
393 4327 472 4395 quasi
490 4326 661 4381 incunabulis
679 4326 777 4381 dicere.
