3092 4692
759 309 802 374 43

674 402 886 409 ——ss-

191 506 363 594 traditum)
392 525 498 588 neque
520 507 652 573 dubium
676 504 748 588 erit,
780 505 858 586 quin
880 505 1057 589 figurarum
1088 504 1204 571 scitam
1228 508 1366 572 colloca·

193 616 314 682 tionem
348 614 528 695 respiciens
563 619 717 694 tanquam
748 606 915 678 iudicandi
945 630 1090 677 normam
1123 631 1196 678 cum
1232 611 1266 678 in
1290 613 1368 679 aliis

194 727 264 789 tum
287 707 322 786 in
345 719 543 787 ornamentis
568 721 688 800 optime
710 721 745 785 in
770 718 935 785 orationes
965 717 1148 785 inserendis
1171 720 1365 785 Demosthe·

195 848 269 895 nem
293 846 450 894 summum
482 827 723 907 praedicaverit
750 824 919 891 artificem.
966 825 1031 891 Sed
1058 825 1137 891 iicet
1167 825 1367 892 concesserit

194 934 354 1000 Caecilius
385 934 428 999 ad
451 952 609 999 summam
641 933 880 999 absolutionem
903 936 937 998 et
958 931 1191 1012 perfectionem
1214 932 1365 1014 eloquen-

194 1043 275 1106 tiam
307 1043 349 1105 ab
380 1041 451 1121 ipso
474 1040 695 1106 Demosthene
722 1057 796 1105 esse
817 1038 1018 1119 productam,
1050 1045 1160 1104 tamen
1189 1058 1253 1106 non
1283 1044 1366 1120 puto

193 1147 368 1213 clarissimi
392 1147 531 1211 oratoris
556 1145 683 1212 dicendi
714 1163 817 1227 genus
840 1163 912 1210 eum
935 1144 1125 1211 imitandum
1141 1145 1361 1229 proposuisse,

193 1272 264 1320 cum
280 1254 508 1320 Demosthenis
532 1252 720 1332 eloquentia
742 1250 874 1317 nimiam
891 1251 1094 1318 desideraret
1110 1256 1226 1335 artem,
1251 1251 1361 1318 Caeci·

191 1359 270 1425 linm
295 1365 402 1424 autem
419 1359 461 1424 ab
486 1357 573 1424 omni
595 1365 669 1424 arta
684 1357 892 1424 abhorruisse
915 1377 1021 1438 neque
1036 1358 1243 1437 eloquentiae
1259 1376 1365 1440 genus

191 1465 257 1533 nisi
281 1465 442 1548 genuinae
464 1473 499 1531 et
522 1464 781 1548 simplicissimae
804 1464 956 1531 laudasse
979 1484 1019 1531 ex
1043 1466 1090 1530 eis
1115 1482 1195 1543 quas
1218 1463 1361 1530 Pseudo·

191 1571 345 1655 longinus
381 1592 399 1638 e
428 1570 561 1638 Caecilii
592 1571 704 1636 libello
736 1592 766 1630 π.
801 1567 894 1649 ὕψους
928 1570 1069 1636 tradidit
1100 1570 1248 1650 reliquiis
1283 1569 1371 1637 satis*

192 1677 273 1743 mihi
297 1696 457 1758 apparere
481 1677 641 1744 videatur.
1365 1768 1367 1771 ι

298 1801 420 1866 Libelli
444 1800 528 1866 enim
547 1800 724 1868 Caeciliani
747 1805 814 1877 περὶ
838 1798 931 1879 ὕψους
954 1801 1121 1884 compositi
1140 1808 1364 1884 argumentum

191 1915 282 1974 recte
305 1908 386 1973 mihi
400 1909 585 1988 restituisse
608 1907 736 1974 videtur
752 1909 962 1993 Martensius
988 1907 1042 1989 qui
1065 1909 1149 1973 dixit
1168 1907 1364 1991 „Caecilium

189 2015 298 2081 virum
322 2014 390 2079 acri
419 2013 550 2096 ingenio
580 2013 760 2095 praeditum
793 2020 827 2080 et
850 2016 932 2080 artis
955 2013 1087 2080 criticae
1118 2033 1178 2080 usu
1210 2015 1365 2080 diuturno·
1417 2071 1419 2074 a

190 2120 233 2186 ad
257 2123 466 2187 severitatem
489 2140 624 2202 pronum
647 2121 764 2187 falsam
781 2121 1013 2188 sublimitatem
1036 2131 1071 2188 et
1093 2120 1242 2188 artificiis
1267 2138 1362 2200 quae-

189 2227 287 2294 sitam
311 2228 429 2293 acerbe
452 2227 638 2309 exagitasse
669 2246 810 2308 praeque
834 2230 976 2309 genuino
1004 2228 1144 2294 candore
1167 2230 1265 2309 plane
1288 2245 1361 2294 oon-

188 2335 362 2415 tempsisse
385 2332 419 2417 (l.
444 2333 465 2398 l.
490 2352 520 2414 p.
545 2333 611 2418 9).“
658 2335 769 2414 Neque
793 2332 879 2399 enim
904 2333 1030 2400 Timaei
1053 2335 1157 2400 solum
1174 2332 1361 2400 affectatam

189 2446 223 2506 et
245 2438 401 2521 frigidam
426 2439 638 2505 elocutionem
663 2440 774 2506 multis
798 2440 954 2522 exemplis
976 2439 1160 2506 illustrasse
1183 2444 1217 2505 et
1239 2438 1362 2505 acriter

187 2545 427 2631 vituperasse2)
458 2565 531 2611 eum
554 2545 746 2629 accepimus,
779 2546 960 2612 sedetiam
990 2547 1202 2627 quodcunque
1224 2547 1361 2613 verbum

190 2652 350 2717 audacius
385 2651 505 2718 dictum
545 2671 615 2719 eum
652 2654 886 2719 condemnasse
920 2655 1013 2719 velut
1046 2652 1245 2734 Theopompi
1278 2652 1361 2718 illud

190 2756 477 2844 ἀναγκοφαγῆσαιῷ)
508 2777 612 2838 neque
635 2759 769 2824 retineri
793 2759 937 2840 potuisse
960 2759 1099 2843 videtur,
1131 2761 1207 2840 quin
1237 2759 1271 2823 in
1295 2758 1360 2824 isto

297 2968 318 3038 ¹)
338 2972 447 3040 Psplut.
472 2971 523 3025 vit.
549 2973 575 3027 X
599 2978 682 3027 oratt.
705 2989 732 3041 p.
757 2971 859 3027 83911.
884 2971 948 3043 (frg.
973 2973 1006 3025 11
1031 2969 1161 3039 Burchh.)
1179 2981 1291 3049 πρῶτος
1328 2973 1359 3033 δὲ

187 3063 252 3121 καὶ1
269 3060 451 3141 σχηματίζειν
485 3056 590 3139 ’ἤρξατο
624 3063 687 3121 καὶ·
703 3066 818 3140 τρέπειν
850 3064 896 3122 ἐπὶ
926 3060 959 3122 τὸ
990 3059 1135 3122 πολιτικὸν
1173 3060 1237 3128 (1011
1266 3062 1360 3131 inepte

186 3150 306 3206 Burokh.
326 3149 443 3204 coniecit
466 3152 511 3209 ἐπὶ
534 3146 567 3209 τὸ
590 3148 756 3236 πληκτικὸν)
779 3148 829 3229 τὴν
852 3147 990 3223 διάνοιαν,
1014 3147 1029 3210 ὃ
1052 3147 1180 3227 μάλιστα
1202 3153 1359 3229 μεμίμηται

189 3237 205 3297 ὁ
228 3240 429 3314 Δημοσθένης.

298 3341 322 3409 ²)
342 3344 454 3413 Pslong.
472 3365 503 3402 ιι.
533 3338 625 3422 ὕψους
648 3362 670 3399 ο.
695 3344 771 3411 4,1;
798 3363 824 3415 p.
847 3342 873 3399 6.
898 3362 937 3414 sq.
957 3346 1050 3400 Vahl.:
1080 3349 1209 3423 θατέρου
1246 3346 1286 3417 δὲ,
1321 3342 1359 3408 ὧν

192 3429 317 3510 εἴπομεν,
340 3433 413 3512 λέγω
436 3432 466 3492 δὲ
489 3441 540 3492 τοῦ
563 3443 683 3513 ψυχροῦ,
707 3430 816 3511 πλήρης
839 3434 854 3493 ὁ
883 3438 1002 3511 Τίμαιος
1024 3459 1049 3495 κ.
1072 3456 1097 3494 ν.
1121 3435 1146 3492 i„
1171 3479 1177 3493 .
1202 3486 1208 3499 ‚
1234 3481 1240 3493 .
1264 3458 1358 3514 παρα-

190 3519 324 3601 θήσομαι
347 3522 378 3581 dt
401 3518 523 3600 τάνδρὸς
538 3519 568 3581 ἓν
591 3519 683 3598 iidie,
707 3521 805 3598 ἐπειδὴ
826 3520 864 3583 τὰ
886 3524 974 3583 πλείω
997 3525 1162 3602 παρέλαβον
1178 3522 1194 3583 ὁ
1209 3526 1356 3593 Κοκίλιοςι

190 3610 266 3667 Satis
283 3609 461 3679 probabiliter
473 3610 540 3664 mihi
559 3610 758 3675 Rothsteinius‚
778 3613 871 3667 Herm.
884 3610 927 3666 23.
945 3628 972 3680 p.
992 3610 1017 3674 2,
1030 3613 1228 3668 demonstrasse
1246 3612 1357 3667 videtur

186 3700 216 3756 in
234 3699 425 3768 vituperandis
437 3698 570 3754 orationis
583 3699 622 3754 eis
635 3702 722 3768 vitiis,
741 3718 811 3771 quae
832 3709 915 3756 vocat
931 3697 965 3760 τὸ
977 3704 1072 3760 aldoin
1081 3707 1109 3754 et
1123 3698 1157 3762 τὸ
1172 3705 1358 3779 μειρακιῶδες

186 3788 438 3857 Pseudolonginnm
456 3794 577 3842 secutum
596 3804 652 3845 esse
671 3790 867 3859 disputationis
891 3789 1021 3855 ordinem,
1046 3805 1125 3856 quem
1144 3790 1173 3845 in
1196 3807 1245 3845 suo
1263 3789 1355 3844 libello

184 3877 346 3937 instituerat
371 3876 519 3946 Caecilium
547 3875 636 3944 ipsum
662 3893 727 3935 vero
755 3895 825 3948 quae
852 3879 885 3933 de
912 3878 995 3934 tertio
1021 3878 1101 3943 vitio,
1141 3880 1212 3947 quod
1240 3882 1356 3933 vocatur

183 3963 218 4028 τὸ
240 3970 456 4046 ααρένθορσον,
480 3969 656 4033 disseruntur,
676 3969 710 4024 de
728 3984 775 4022 suo
794 3967 939 4022 addidisse.
977 3967 1054 4035 Quod
1078 3968 1195 4023 sirecte
1220 3965 1356 4022 iudicavit

182 4056 303 4121 natust,
323 4055 436 4111 Caecilii
454 4057 539 4113 fuisse
556 4058 668 4113 ridetur
676 4057 806 4125 Aeschyli
824 4056 1004 4125 vituperatio,
1024 4057 1100 4111 onius
1120 4057 1205 4112 verba
1223 4054 1356 4123 quasdam

186 4144 270 4200 nimis
289 4144 404 4199 andacia
422 4145 512 4214 carpit
529 4152 562 4200 nt
574 4141 793 4224 ααρααριέγῳδα
816 4144 992 4214 Pslonginus.

292 4247 314 4318 ³)
333 4251 445 4321 Pslong·
475 4273 506 4311 ιι.
538 4248 591 4331 bap
616 4269 637 4307 e.
657 4250 700 4318 31,
721 4249 790 4320 Lp.
810 4251 857 4306 db:
889 4247 979 4331 ταύτῃ
1012 4254 1061 4311 καὶ.
1095 4258 1147 4310 τοῦ
1178 4245 1356 4325 Θεοπόμπου

181 4335 280 4400 καινὸν
303 4343 473 4402 ἐπαινετέον.
496 4337 545 4402 διαὶ
566 4338 600 4403 τὸ
623 4337 762 4422 ἀνάλογον
785 4338 879 4421 ἔμοιγε
902 4336 1139 4419 σημαντικώιανα
1167 4335 1239 4419 ἔχειν
1269 4341 1355 4399 nonar.
