3092 4692
795 248 838 316 13

229 470 312 521 anus
334 445 543 533 reprehendit
560 444 731 514 Caecilium
754 447 840 528 quod
863 465 974 514 vocem
997 442 1179 523 πλεονασμὸν
1200 465 1314 529 parum
1330 452 1405 530 apte

229 559 412 637 invenisset
443 555 487 620 ad
517 554 708 636 signandam
737 571 833 620 unam
864 560 964 635 atque
994 557 1115 619 certam
1147 553 1299 635 figuram:
1329 573 1405 621 nam

231 674 266 733 ct
288 661 539 750 geminationem
562 665 596 727 et
623 662 821 742 repetionem
846 668 879 727 et
909 660 1166 742 qualemcunque
1187 659 1405 728 adiectionem

230 762 417 846 numerabo
439 768 545 835 rideri
568 785 673 849 posse.
697 766 772 852 (IX.
798 767 829 833 3.
854 766 921 855 45.)

339 874 460 960 Quodsi
481 876 517 942 in
533 873 706 941 rhetoricis
722 873 837 956 sriptis
853 874 1027 942 Caecilium
1044 875 1193 942 videmus
1209 876 1405 958 gaudentem

232 983 399 1051 sterilibus
414 983 584 1049 notionum
597 980 824 1067 divisionibus
837 987 1021 1050 versantem
1041 983 1076 1048 in
1088 980 1286 1049 aridissimis
1296 1000 1406 1048 rerum

233 1089 506 1173 distinctionibus,
538 1089 610 1169 quis
641 1094 694 1154 est
724 1090 779 1168 qui
803 1088 837 1155 in
860 1087 1016 1154 affectata
1039 1087 1110 1153 eius
1133 1086 1318 1155 subtilitate
1340 1106 1405 1155 uon

232 1201 391 1280 agnoscat
418 1196 586 1262 doctrinae
608 1195 846 1277 Apollodoreae
878 1193 1042 1277 vestigia?
1086 1193 1169 1259 Nam
1201 1192 1405 1276 antiquorum

231 1301 418 1371 testimonia
435 1300 664 1384 'perquirentes
687 1303 715 1366 si
732 1318 928 1384 cognoscere
944 1301 1120 1383 studemus,
1138 1302 1254 1381 quibus
1273 1301 1405 1367 tandem

233 1408 352 1476 studiis
374 1407 546 1475 rhetoricis
569 1412 696 1474 tantam
720 1409 845 1490 gloriae
868 1408 988 1474 famam
1011 1406 1076 1473 sibi
1090 1408 1260 1490 paraverit
1274 1407 1406 1488 Apollo-

233 1516 338 1599 dorus,
360 1514 394 1581 in
418 1535 455 1581 eo
475 1532 548 1581 eum
571 1516 712 1581 maxime
743 1514 892 1581 floruisse
914 1514 1089 1596 apparebit
1116 1514 1200 1594 quod
1223 1512 1405 1579 Stoicorum

233 1627 332 1702 atque
361 1620 588 1702 Hermagorae
618 1622 652 1685 in
686 1620 878 1688 definiendis
907 1619 1092 1687 rhetoricae
1123 1623 1205 1687 artis
1235 1619 1406 1702 particulis

233 1731 331 1808 atque
353 1725 387 1792 in
402 1727 585 1809 praeceptis
602 1725 839 1793 constituendis
855 1726 1072 1794 subtilitatem
1088 1732 1244 1794 accurate
1260 1728 1406 1808 exsculp-

234 1831 353 1918 serit.¹)
397 1832 487 1899 Nihil
509 1832 679 1914 scripsisse
702 1834 831 1901 videtur
853 1833 916 1900 nisi
932 1836 1048 1902 Artem
1068 1831 1405 1920 (Quint.111,1.18);

233 1939 358 2007 nullum
381 1939 471 2007 aliud
494 1958 574 2022 opus
596 1939 737 2007 rhetoris
760 1959 865 2022 neque
888 1961 908 2007 a
931 1939 1135 2025 Quintiliano
1158 1957 1263 2021 neque
1278 1959 1299 2006 1
1315 1941 1405 2006 Stra·
1506 1976 1513 1987 1

234 2047 319 2111 bone
352 2047 472 2112 citatur
505 2064 608 2128 neque
642 2066 779 2128 usquam
813 2052 922 2115 exstat
953 2047 1052 2132 locus,
1087 2048 1173 2114 unde
1214 2045 1407 2112 concludere

234 2152 396 2234 possimus
419 2151 517 2220 aliam
540 2156 709 2221 materiem
732 2137 907 2221 tractatam
923 2172 996 2221 esse
1019 2157 1054 2221 in
1070 2154 1262 2235 Apollodori
1287 2153 1407 2219 scholis

235 2263 334 2340 atque
359 2260 510 2344 „longam
537 2260 628 2326 illam
652 2260 885 2342 principiorum
916 2259 1199 2343 praeparationem
1230 2265 1264 2326 et
1292 2278 1407 2326 narra-

232 2367 333 2432 tionis
363 2368 430 2432 alte
460 2365 633 2449 repetitam
666 2367 784 2433 seriem
815 2372 849 2433 et
878 2367 1052 2433 multarum
1084 2366 1277 2435 divisionum
1301 2372 1407 2432 osten·

233 2473 396 2538 tationem,
424 2479 459 2538 et
492 2471 580 2538 mille
615 2477 878 2557 argumentorum
913 2473 1035 2556 greum
1067 2479 1101 2539 et
1132 2471 1287 2553 quidquid
1318 2471 1408 2538 aliud

234 2577 427 2649 aridissimis
462 2581 685 2662 Hermagorae
723 2584 757 2647 et
794 2578 986 2662 Apollodori
1028 2579 1122 2646 libris
1164 2579 1408 2660 praeciperetur

234 2686 329 2769 (Tac.
348 2684 422 2750 dial.
438 2685 479 2750 de
495 2691 575 2751 orat.
593 2704 665 2768 cap.
684 2686 748 2765 19).
765 2686 778 2770 )
825 2685 910 2768 Quid
926 2684 1052 2768 igitur?
1069 2685 1205 2751 eandem
1218 2685 1406 2753 ariditatem

233 2789 401 2874 materiae,
416 2792 552 2857 eandem
573 2791 745 2857 multarum
764 2810 873 2885 rerum
894 2790 1087 2859 divisionem
1108 2811 1214 2858 nonne
1225 2794 1259 2857 in
1276 2791 1408 2859 Caecilii

234 2915 360 2979 quoque
372 2896 506 2980 scriptis
517 2898 692 2965 rhetoricis
705 2897 999 2981 deprehendimus?
1022 2901 1094 2965 Non
1107 2900 1318 2965 constrictum
1336 2916 1407 2964 eum

234 3002 335 3070 irrisae
343 3003 491 3071 videmus
503 3004 641 3072 vincubs
654 3024 763 3072 eorum
778 3010 854 3088 „qui
871 3006 975 3090 legem
993 3004 1121 3072 dicendi
1138 3005 1231 3085 quasi
1248 3004 1407 3086 quaedam

234 3113 391 3193 mysteria
399 3111 570 3177 traderent
577 3118 611 3178 et
623 3114 722 3178 certis
736 3131 801 3179 non
813 3113 1081 3179 inveniendorum
1094 3112 1187 3177 modo
1202 3119 1407 3192 argumento-

234 3235 303 3282 rum
317 3217 398 3284 loci‘s
412 3218 469 3284 sed
480 3217 773 3284 concludendorum
787 3236 913 3299 qnoque
924 3217 1111 3299 praeceptis
1124 3223 1285 3283 oratorem
1298 3216 1407 3301 illiga·

234 3320 629 3411 rent“(Qumt.V‚15,60)?
638 3323 748 3406 Quare
757 3325 799 3392 ad
808 3322 1005 3391 sententiam
1013 3342 1122 3390 eorum
1130 3323 1406 3410 libenteraccodo‚

235 3430 290 3511 qui
298 3428 477 3496 Caecilium
485 3429 678 3513 Apollodori
687 3430 883 3513 discipulum
895 3429 999 3498 fuisse
1006 3435 1132 3513 putent,
1142 3436 1281 3497 nontam
1290 3431 1408 3499 drictus

235 3537 347 3604 verbis
367 3535 435 3602 illis
459 3534 701 3622 Quintilianeis,
719 3556 801 3619 quae
825 3555 924 3619 supra
944 3538 1029 3620 (pag.
1051 3533 1089 3623 7)
1108 3534 1295 3623 memoravi,
1312 3555 1408 3621 quam

236 3642 459 3723 quaestionum
475 3645 643 3727 utriusque
658 3643 880 3720 similitudine.
918 3642 1012 3727 Quod
1028 3643 1057 3708 si
1072 3644 1120 3708 ita
1135 3647 1186 3710 est
1201 3662 1266 3709 non
1282 3643 1406 3727 dubito,

237 3750 313 3830 quin
337 3747 463 3831 scripta
485 3752 650 3818 rhetorica
665 3750 801 3818 Caecilii
818 3749 906 3816 inter
920 3750 1026 3832 prima
1048 3748 1120 3815 eius
1143 3752 1211 3816 sint
1224 3749 1406 3833 referenda,

345 3928 368 3996 ¹)
388 3930 550 3996 Volkmann,
568 3928 587 3983 l.
606 3928 625 3984 l.
643 3945 670 3998 p.
689 3928 750 3985 468.

344 4015 368 4085 ²)
388 4020 423 4074 ci.
442 4018 473 4073 11
492 4018 635 4074 Rohdeum
657 4017 687 4074 in
705 4019 775 4073 llus.
800 4017 888 4073 Rhan.
911 4016 966 4074 vol.
990 4015 1023 4071 41
1049 4015 1139 4086 (1886)
1162 4033 1226 4085 pag.
1250 4013 1316 4068 176:
1340 4019 1409 4079 „Die

131 4147 134 4158 .
243 4110 384 4174 Thatgkeit
399 4114 441 4163 des
459 4112 595 4176 Apollodor
619 4112 677 4161 und
697 4111 841 4161 Theodorus
858 4111 953 4176 verlies
965 4112 1018 4161 sich
1038 4113 1066 4160 in
1090 4111 1137 4160 das
1159 4117 1240 4172 engste
1257 4105 1350 4158 Dc'tar'l
1364 4109 1408 4158 der

237 4199 330 4249 rhetor.
347 4199 441 4276 vim:
461 4202 517 4266 aus
529 4201 617 4251 diesem
638 4201 730 4250 Gebiete
747 4201 820 4263 lagen
839 4200 877 4250 die
890 4199 1062 4266 Streitpunletc
1079 4197 1201 4247 swr'schen
1213 4197 1260 4245 den
1268 4190 1406 4252 Ἀπολλο-

237 4278 348 4363 doiprror
376 4289 433 4339 und
459 4279 638 4362 Θεοδώρειοι,
