3092 4692
772 305 816 372 52

206 498 401 582 exprimens,
425 500 522 580 quale
536 501 688 584 Dionysii
711 500 775 569 fuit
798 502 1043 586 archaeologia3
1056 503 1080 589 ¹)
1095 542 1140 550 —
1154 524 1230 572 narn
1247 507 1383 574 Caecilii

206 602 378 672 historiam
394 624 478 686 quae
493 607 685 675 inscribitur
701 609 764 692 „de
778 610 873 677 bellis
888 610 1062 677 servilibus
1073 612 1109 677 in
1126 611 1238 679 Sicilia
1253 614 1381 695 gestis“

206 714 250 779 ad
273 713 393 780 altiora
415 733 478 780 non
502 704 688 797 adspirasse
711 719 783 798 ipso
807 718 966 785 materiae
990 719 1115 785 delectu
1140 721 1378 801 comprobatur.

312 824 431 889 Verum
470 825 579 890 tamen
615 841 798 907 caveamus,
836 843 878 889 ne
909 827 1007 890 nimis
1043 826 1155 906 inique
1197 825 1380 894 iudicantes

206 949 364 996 summam
386 932 516 998 laudem
539 932 739 998 cumulemus
762 929 796 996 in
811 929 1002 1012 Dionysium
1024 950 1064 997 ac
1086 950 1166 1013 prae
1189 951 1226 998 eo
1243 933 1383 1000 Caecilii

204 1038 373 1104 beneficiis
406 1038 567 1105 immerito
608 1038 836 1103 obtrectemus,
905 1038 988 1103 Nam
1027 1040 1125 1104 etiam
1158 1040 1193 1104 in
1227 1038 1382 1122 Dionysii

206 1145 324 1211 studiis
360 1146 575 1213 diiudicandis
610 1165 737 1227 semper
767 1146 850 1212 illud
873 1145 1055 1212 tenebimus
1089 1164 1152 1210 non
1187 1165 1274 1211 nova
1307 1165 1380 1213 eum

203 1271 396 1335 procreasse
419 1255 604 1320 Atticorum
627 1252 747 1337 studia,
771 1253 831 1318 sed
846 1252 910 1317 iarn
934 1252 1100 1317 invenisse
1115 1253 1242 1318 Romae
1264 1251 1380 1319 fioren-

202 1365 269 1425 tem
294 1361 502 1441 antiquorum
533 1361 728 1441 scriptorum
759 1360 985 1441 imitationem,
1016 1359 1078 1423 hoc
1101 1378 1179 1424 vero
1210 1358 1379 1440 proprium

202 1466 273 1531 eins
288 1465 389 1532 luisse
406 1465 557 1548 diximus,
575 1466 659 1545 quod
676 1466 786 1539 studia
802 1465 1003 1546 singulorum
1018 1466 1052 1529 in
1069 1464 1213 1546 singulos
1227 1472 1378 1532 auctores

203 1571 429 1665 dissipata-ad
454 1590 552 1637 unum
575 1571 670 1637 finem
694 1571 866 1653 colligeret
889 1570 1128 1653 diligenterque
1152 1575 1185 1636 et
1207 1572 1378 1653 ingeniose

200 1676 383 1743 illustraret
405 1677 447 1763 (v.
464 1700 495 1760 p.
514 1679 566 1744 17,
584 1678 655 1764 sq).
701 1679 766 1745 Sed
790 1697 862 1744 cum
884 1676 1009 1759 ingenii
1024 1685 1143 1742 natura
1158 1680 1256 1767 atque
1267 1676 1378 1765 indole

202 1782 246 1848 ad
268 1784 388 1850 multos
410 1784 553 1851 ferretur
578 1793 612 1850 et
636 1804 733 1865 quam
755 1784 933 1850 latissimos
956 1785 990 1848 in
1014 1784 1226 1865 propagando
1242 1785 1377 1850 Atticis·

200 1908 253 1955 mo
270 1890 334 1957 sibi
351 1891 567 1958 constitueret
582 1893 749 1976 terminos,
776 1891 951 1957 Caecilium
966 1892 1120 1956 habuisse
1143 1889 1274 1956 uidetur
1289 1891 1376 1956 baud

200 1998 468 2063 contemnendum
485 1998 674 2079 adiutorem,
687 2004 801 2079 utpote
816 1998 873 2078 qui
887 1998 1001 2064 eadem
1017 1995 1135 2081 studia,
1153 2015 1238 2077 quae
1253 1996 1375 2079 passim

201 2102 430 2194 profundebat¹
458 2102 647 2188 Dionysius,
680 2110 835 2170 accurate
862 2110 1014 2185 repetens
1043 2103 1078 2169 in
1113 2102 1231 2168 animis
1263 2121 1375 2168 eorum

199 2208 415 2293 confirmaret,
450 2209 506 2290 qui
537 2210 728 2293 disciplinae
761 2231 840 2277 suae
861 2213 1070 2277 interessent.
1117 2210 1198 2275 Nam
1233 2208 1274 2274 ad
1306 2227 1374 2273 ma-

198 2314 296 2399 gistri
331 2316 383 2383 vel
416 2317 636 2398 praeceptoris
671 2318 779 2384 officia
821 2317 1031 2398 suscipienda
1065 2315 1199 2383 Caecilii
1232 2313 1374 2382 maxime

197 2422 357 2489 tendebat
379 2424 523 2505 animus;
559 2424 601 2488 ad
636 2423 820 2507 paedagogi
854 2443 972 2489 munus
994 2425 1172 2489 instructus
1206 2427 1279 2488 erat
1301 2439 1373 2486 cnm

197 2529 271 2609 ipsa
293 2528 487 2597 indeletum
503 2530 722 2611 Apollodorea
736 2529 797 2594 illa
813 2529 1000 2610 disciplina;
1023 2529 1209 2612 paedagogi
1233 2527 1373 2608 denique

196 2638 310 2715 partes
330 2634 463 2701 assidue
478 2638 642 2719 tuebatur,
667 2643 842 2718 postquam
857 2635 1011 2716 Dionysii
1034 2639 1217 2718 exemplum
1240 2640 1373 2701 secutus

198 2739 320 2806 Atticis
336 2740 454 2806 studiis
470 2761 505 2808 se
521 2743 621 2824 dedit,
646 2741 681 2809 id
704 2742 793 2823 quod
815 2746 980 2809 testantur
1000 2741 1133 2808 canonis
1150 2750 1251 2821 atque
1274 2741 1372 2806 lexici

196 2847 417 2914 auctoritates
464 2849 523 2911 At,
538 2847 572 2913 in
604 2851 678 2931 ipsa
710 2851 791 2916 haec
814 2850 996 2915 Atticorum
1027 2846 1135 2914 studia
1167 2864 1238 2910 cum
1262 2853 1372 2912 trans·

196 2952 298 3022 ferret
328 2972 477 3022 severum
507 2952 588 3018 illud
619 2959 718 3034 atque
750 2961 935 3021 accuratum
963 2953 1097 3021 docendi
1129 2959 1163 3018 et
1194 2952 1373 3033 quaerendi

194 3080 308 3146 genus,
340 3080 402 3143 quo
425 3061 460 3127 in
483 3060 674 3150 Apollodori
704 3061 827 3127 scholis
850 3062 900 3127 uti
928 3065 1153 3143 consueverat,
1186 3077 1251 3124 non
1275 3057 1371 3122 modo
1435 3118 1437 3121 ,

194 3168 266 3250 ipse
298 3170 336 3234 eo
367 3167 530 3262 pervenit,
566 3172 603 3234 ut
625 3166 780 3249 Dionysii
813 3167 945 3259 iudicia,
960 3167 1015 3234 hic
1041 3164 1110 3232 illic
1137 3167 1245 3230 miuus
1279 3165 1372 3230 acria

195 3274 376 3356 corrigeret
413 3274 690 3355 quaestionesque
713 3294 778 3340 non
808 3276 916 3341 nullas
953 3274 988 3340 in
1018 3273 1161 3341 firmiore
1196 3273 1373 3339 collocaret

193 3378 432 3464 fundamento,
451 3380 510 3447 sed
533 3381 631 3444 etiarn
655 3382 797 3462 posteris
832 3378 1016 3448 rhetoribus
1049 3382 1137 3446 riam
1169 3379 1314 3445 ostendit
1336 3382 1372 3441 et

193 3482 364 3566 rationem,
390 3505 454 3565 qua
469 3485 677 3552 Atticismum
696 3470 819 3569 optime
842 3488 949 3554 colere
972 3495 1006 3553 et
1027 3486 1061 3550 in
1087 3482 1205 3549 animis
1230 3483 1370 3564 discipu·

194 3591 300 3656 lorum
324 3590 516 3658 confirmare
539 3599 683 3674 possent.
732 3593 840 3676 Quare
871 3610 1061 3674 quamquam
1085 3610 1149 3657 non
1173 3592 1223 3656 ita
1245 3588 1371 3670 ingenii

192 3690 297 3762 valuit
322 3696 489 3780 Caecilius,
514 3699 607 3765 utin
631 3717 669 3764 eo
692 3697 826 3764 honoris
850 3703 883 3765 et
905 3695 1113 3766 auctoritatis
1136 3697 1251 3780 gradu,
1285 3695 1371 3775 quod

193 3799 298 3868 voluit
321 3799 603 3891 Wilamowitzius,
636 3804 708 3871 iure
739 3803 817 3885 poni
844 3805 957 3889 possit,
988 3812 1098 3871 tamen
1129 3803 1215 3883 quod
1248 3801 1282 3866 in
1313 3818 1370 3865 an·

194 3906 398 3993 gustioribus
429 3908 495 3974 suis
524 3913 675 3979 ludorum
711 3910 845 3977 circulis
875 3930 994 3995 magna
1029 3929 1101 3977 cum
1128 3928 1207 3975 cura
1241 3913 1275 3974 et
1297 3905 1369 3972 dili·

193 4014 306 4100 gentia
328 4011 497 4083 Atticismi
520 4037 663 4084 amorem
687 4015 857 4102 excitavit,
881 4015 1098 4098 conservarit,
1123 4014 1225 4096 auxit,
1250 4010 1371 4095 optime

190 4122 346 4189 meruisse
368 4121 530 4204 putandus
552 4129 610 4188 est.

282 4263 303 4333 ¹)
322 4265 410 4320 Blass.
431 4261 540 4315 Grieeh·
559 4259 622 4313 Ber·
641 4277 667 4327 p.
687 4262 751 4318 195.
788 4264 892 4328 Robde,
911 4262 964 4316 Rh.
982 4263 1053 4317 Mus.
1074 4261 1105 4314 41
1125 4279 1151 4331 p.
1173 4260 1231 4313 190.
1251 4257 1370 4325 Schmid,

188 4348 599 4497 Atbcffiienjvlelibemng‘
626 4428 651 4481 S.
666 4426 771 4485 8111111.
784 4435 808 4499 3,
818 4435 893 4488 Zeile
903 4433 920 4485 6
929 4448 956 4486 v.
965 4451 1004 4489 m:
1026 4431 1277 4499 „ind.1887“statt
1289 4431 1369 4490 1877.
