3092 4692
798 259 839 322 11
873 348 876 349 ⁷

231 454 383 538 apodixis
418 457 452 518 et
487 451 711 539 enthymema)
745 453 904 520 Caecilius
948 457 1100 519 accurate
1135 452 1287 520 distinxit
1319 455 1407 522 inter

230 561 362 627 nomina
382 558 442 625 illa
464 560 521 643 ita,
545 564 584 625 ut
607 560 866 642 enthymematos
897 566 931 627 et
954 558 1135 642 syllogismi
1158 579 1255 627 noces
1278 580 1318 627 ex
1341 568 1406 627 ter-

230 664 590 749 minologia‘rhetorica
601 672 789 734 removeret.
809 660 913 748 neque
928 667 1149 733 admittendas
1166 687 1239 734 esse
1261 674 1408 735 censeret

230 775 294 840 nisi
317 773 352 837 in
376 771 622 852 quaestionibus
645 792 733 840 mere
748 772 952 856 philosophis
975 778 1009 839 et
1033 772 1227 856 dialecticis,
1252 773 1286 839 in
1309 775 1406 844 rebus

229 878 401 946 rhetoricis
443 883 562 962 autem,
595 882 629 946 in
660 880 777 962 quibus
808 879 1012 962 frequentior
1043 879 1131 946 circa
1163 880 1333 947 credibilia
1363 878 1408 944 sit

230 1003 318 1070 usus,
352 985 423 1051 sola
452 984 696 1068 epichirematis
728 988 802 1069 (pro
831 985 1034 1071 syllogismo)
1065 993 1099 1052 et
1128 986 1304 1067 apodixeos
1335 984 1406 1070 (pro

232 1089 486 1178 enthymemate)
521 1091 696 1158 adhiberet
729 1092 871 1160 nomina.
919 1090 1090 1158 Acerrime
1112 1110 1192 1158 sane
1216 1097 1250 1157 et
1272 1092 1409 1158 molesta

229 1197 403 1263 subtilitas
430 1197 465 1262 in
499 1198 682 1264 nominibus
711 1197 968 1282 distinguendis!
1003 1216 1097 1278 quarn
1131 1203 1241 1263 tamen
1273 1196 1407 1264 Caecilii

228 1304 362 1384 ingenio
394 1301 497 1369 fuisse
529 1303 788 1385 acceptissimam
823 1323 887 1369 non
910 1324 975 1370 uno
998 1303 1147 1385 exemplo
1172 1301 1352 1386 apparebit,
1376 1303 1406 1368 si

226 1427 312 1489 qnae
336 1410 375 1476 de
402 1409 517 1493 liguris
545 1409 649 1476 libelli
672 1415 805 1477 exstant
836 1410 1022 1492 fragmenta
1054 1412 1174 1475 erimus
1197 1408 1403 1489 perscrutati.

239 1584 243 1593 ,
335 1516 445 1596 Atque
473 1520 563 1582 recte
594 1517 721 1597 quidem
757 1516 918 1583 Caecilius
952 1515 1047 1582 initio
1081 1515 1186 1581 libelli
1218 1515 1258 1580 de
1292 1514 1407 1597 figuris

230 1620 344 1700 scripti
367 1623 465 1687 nimis
488 1626 663 1704 angustam
685 1622 773 1687 Zoili
798 1622 1018 1689 definitionem
1042 1622 1300 1702 reprehenderat
1331 1620 1407 1703 „qui

229 1729 290 1792 hoc
326 1728 430 1792 solum
452 1731 628 1808 putaverat
664 1730 802 1812 schema,
832 1748 895 1809 quo
918 1729 1010 1794 aliud
1032 1728 1201 1793 simulatur
1225 1727 1289 1793 dici
1312 1746 1406 1808 quam

229 1832 348 1899 dicitur
371 1831 493 1919 (Quint.
518 1835 577 1919 IX,
604 1832 757 1920 1,14).1)
804 1836 867 1901 Sed
903 1856 998 1916 quam
1028 1834 1099 1915 ipse
1130 1834 1257 1914 profert
1296 1833 1407 1900 delini-

229 1939 386 2023 tiouen2)
423 1940 586 2006 contrario
621 1940 703 2008 vitio
738 1942 889 2008 laborare
911 1942 1052 2023 videtur,
1092 1942 1169 2021 quia
1202 1938 1299 2005 nimis
1321 1940 1406 2004 latos

228 2047 308 2112 lines
332 2045 512 2129 constituit,
537 2048 654 2128 quibus
677 2050 842 2130 ingentem
867 2056 901 2114 et
923 2050 980 2114 vix
1006 2047 1206 2114 tolerandam
1229 2046 1406 2128 figurarum

227 2152 470 2219 multitudinem
495 2154 777 2235 comprehendisse
811 2174 883 2220 eum
907 2174 948 2220 ex
979 2153 1090 2236 paucis
1119 2153 1186 2218 illis
1203 2171 1285 2233 quae
1310 2151 1405 2217 nobis

227 2278 248 2324 a
278 2259 420 2343 Tiberio,
454 2259 652 2343 Alexandro,
689 2260 896 2342 Quintiliano
931 2266 1063 2326 servata
1099 2266 1176 2325 sunt
1210 2260 1404 2342 fragmentis

227 2367 309 2430 satis
343 2365 461 2430 elucet.
514 2366 597 2430 Nam
634 2386 699 2431 non
731 2366 826 2431 modo
861 2366 1077 2450 hyperbaton,
1125 2367 1209 2446 quod
1243 2384 1300 2430 suo
1335 2363 1407 2429 iure

230 2468 448 2552 Quintilianus
471 2473 565 2552 ponit
587 2473 621 2538 in
646 2472 789 2558 tropina)
820 2492 890 2539 oum
915 2474 1065 2539 virtutem
1099 2470 1260 2551 quandam
1284 2468 1408 2536 efficiat

229 2576 423 2663 craticulae)
446 2577 535 2644 inter
557 2580 680 2662 figuras
707 2581 951 2646 enumeravisse
968 2576 1129 2644 Caecilius
1151 2577 1305 2661 traditur,
1331 2575 1407 2657 quin

229 2683 326 2749 etiam
350 2683 534 2750 levissimas
567 2689 600 2750 et
622 2685 776 2752 mInimas
810 2685 968 2751 sermonis
992 2684 1173 2766 pertitulans
1196 2684 1361 2765 paululum
1386 2701 1406 2747 a

227 2787 466 2870 simplicissimo
489 2789 641 2870 loquendi
664 2810 724 2858 usu
748 2798 846 2872 atque
870 2792 951 2857 adeo
975 2812 994 2856 a
1023 2793 1147 2858 severis
1172 2788 1406 2873 grammaticae

227 2896 351 2978 regulIs
373 2897 574 2978 recedentes,
600 2934 642 2943 -
664 2896 698 2962 id
723 2898 809 2977 quod
825 2897 1014 2979 saepissime
1038 2916 1115 2964 casu
1139 2897 1278 2976 quodam
1302 2913 1406 2974 neque

227 3001 426 3082 loquentium
449 3003 503 3067 vel
526 3002 737 3069 scribentium
753 3009 825 3069 arte
849 3009 883 3071 et
907 3005 1042 3071 consilio
1067 3005 1106 3070 lit
1129 3041 1171 3048 „.
1195 3021 1265 3067 eum
1282 3001 1405 3082 ligurus

229 3113 363 3189 putasse
392 3113 489 3189 atque
511 3109 995 3192 nominibuspropriisnotasse
1012 3109 1167 3190 exemplis
1191 3105 1405 3192 ἀλλιιώσεωι5),

337 3285 357 3352 ¹)
378 3287 453 3340 Idem
481 3287 513 3341 de
532 3287 604 3341 Zoili
630 3288 789 3344 definitione
806 3287 938 3343 iudicium
965 3303 1025 3342 cum
1044 3288 1137 3342 eodem
1159 3287 1239 3342 modo
1265 3303 1317 3353 quo
1335 3287 1407 3354 apud

233 3374 432 3442 Quintilianum
467 3381 599 3443 appareat
638 3375 667 3430 in
700 3377 929 3432 Phoebammonis
956 3375 1025 3431 libro
1057 3396 1087 3435 ιι.
1120 3391 1407 3455 σχηματων,ᾳιιοτυω

230 3468 344 3531 uterque
363 3462 480 3531 scriptor
499 3470 572 3518 certe
589 3463 710 3532 inspexit
724 3463 879 3518 Caecilium
898 3466 931 3520 ed
949 3465 1021 3519 hunc
1033 3465 1128 3529 locum,
1147 3464 1206 3519 iure
1219 3466 1407 3519 concludemus

229 3567 262 3606 ex
281 3551 399 3607 Caecilio
418 3551 469 3606 illa
488 3553 570 3607 verba
590 3553 622 3607 de
642 3553 719 3608 Zoilo
739 3569 797 3608 esse
811 3555 978 3622 deprompta.

336 3636 358 3706 ²)
378 3639 498 3695 Burckh.
517 3641 572 3710 lrg.
593 3641 626 3695 41
641 3665 677 3683 --
690 3641 863 3698 Phoebamm.
883 3664 913 3702 ιι.
937 3664 982 3722 σχ.
1010 3640 1092 3696 rhem.
1117 3659 1158 3712 gr.
1179 3644 1220 3697 ed.
1232 3643 1313 3698 Walz
1327 3642 1406 3696 VIII.

219 3727 285 3782 '494
304 3725 369 3794 (HI-
388 3726 422 3780 44
446 3727 600 3797 Spengel-M
618 3730 773 3801 Καικίλιος
795 3731 826 3791 δὲ
850 3730 866 3792 ὁ
888 3732 1074 3808 Kalamisos
1104 3728 1193 3815 (codd.
1225 3726 1406 3812 καλαιὸίιης)

230 3834 355 3912 ὡρίσατο
385 3829 475 3900 otro:
508 3833 604 3914 σχῆμά
628 3841 690 3896 ἐστι
721 3834 816 3917 τροπὴ
859 3841 899 3907 εἰς
937 3834 970 3898 τὸ
1004 3833 1044 3915 μὴ
1073 3834 1148 3897 κατὰ
1180 3836 1267 3916 φύσιν
1301 3833 1334 3896 τὸ
1357 3841 1406 3910 τῆς

231 3943 360 4010 διανοίας
383 3944 432 4001 καὶ
447 3939 557 4013 λέξεως,
604 3942 637 3997 cl·
658 3944 750 4010 Quint.
770 3945 818 4011 IX,
839 3944 862 4009 1,
883 3942 1064 4011 lemurum.
1083 3946 1137 4013 irg.
1156 3943 1210 4012 42).

338 4026 360 4096 ³)
381 4030 473 4097 Quint.
493 4031 541 4096 IX,
558 4028 585 4096 3,
605 4030 639 4085 91
659 4030 788 4099 (Burckh.
807 4033 860 4102 frg.
879 4032 936 4097 36.)

337 4116 363 4183 ⁴)
383 4119 476 4185 Quint.
495 4119 574 4186 VIII,
595 4121 619 4184 6,
638 4117 681 4173 62.

320 4186 327 4203 V

340 4202 362 4272 ὖ)
381 4206 502 4263 Burckh.
521 4209 576 4275 ng.
595 4206 638 4262 33.
657 4233 694 4252 ==
707 4209 795 4264 hiber.
815 4231 845 4269 ιι,
869 4232 953 4291 σχημ,
973 4213 1053 4276 VIII,
1072 4210 1125 4263 573
1137 4207 1218 4263 Waln
1231 4204 1294 4272 (III,
1314 4201 1357 4268 80,
1370 4203 1404 4256 47

232 4293 359 4362 spongo:
391 4298 455 4354 Kal
483 4292 518 4355 td
547 4295 724 4368 ἀλλοιώσεως
756 4307 853 4378 σχῆμα
881 4298 984 4380 εἰςάγει
1016 4300 1031 4358 ὁ
1058 4297 1211 4364 Καικίλιος
1241 4297 1294 4353 καί
1319 4315 1406 4372 φησιν
