3092 4692
720 188 761 289 is

149 422 247 488 matis
264 423 416 486 subtilem
442 418 700 506 differentiam.¹)
746 423 858 502 Neque
874 411 1004 488 libellus
1028 423 1070 488 de
1085 422 1206 506 figuris,
1231 442 1324 504 quem

150 527 321 610 scripsisse
351 526 544 609 Dionysium
577 526 800 609 Quintilianus
833 528 935 593 tradit
962 527 1035 612 (IX,
1067 528 1097 611 3,
1122 524 1188 615 89),
1221 549 1324 595 novas

150 635 274 716 figuras
309 632 484 714 protulisse
519 632 663 715 videtur,
698 652 769 699 cum
800 634 906 718 ligura
937 654 957 699 a
994 635 1156 718 Dionysio
1190 634 1326 702 inventa

151 759 314 820 nusquam
374 739 557 806 nominetur
603 758 706 820 neque
750 739 828 805 libri
871 741 974 833 ipsius
1023 742 1115 810 nulla
1159 744 1325 809 rhetorum

151 850 283 929 praeter
339 844 573 929 Quintilianum
631 846 751 913 mentio
805 847 906 931 fiat2)
997 850 1041 914 lit
1093 855 1183 916 recte
1244 848 1324 915 mihi

152 1045 236 1101 nullis
249 1043 375 1113 vestigiis
390 1041 522 1110 explorari
537 1048 640 1111 potest3
658 1057 726 1111 quae
739 1042 849 1098 nomine
862 1043 920 1099 eius
932 1044 1035 1099 tradita
1054 1051 1096 1100 est
1107 1044 1183 1110 „ars“
1198 1045 1323 1101 collectio

152 1141 194 1190 est
218 1133 354 1189 variorum
381 1132 634 1187 commentariorum
653 1132 739 1187 variis
758 1133 924 1200 temporibus
953 1134 1115 1202 scriptorum
1143 1151 1230 1203 neque
1254 1134 1324 1189 eins·

156 1224 215 1277 dem
235 1222 327 1291 pretii.
372 1222 410 1276 At
435 1221 601 1288 Quintiliani
624 1219 708 1276 verba
734 1222 788 1288 ΙΙΙ,
809 1222 833 1287 1,
859 1221 907 1288 16,
933 1224 1038 1288 „multa
1060 1224 1211 1289 Caecilius,
1237 1225 1327 1279 multa

157 1311 307 1379 Dionysius
335 1309 404 1364 ete.“
439 1311 472 1363 ad
495 1310 586 1364 omnia
612 1307 725 1379 scriptas
744 1310 882 1366 rhetorica
904 1312 1049 1380 utriusque
1073 1312 1216 1382 scriptoris
1236 1311 1326 1376 (uelut

152 1402 186 1454 ad
206 1400 329 1454 libellum
348 1415 453 1467 quoque
477 1398 602 1466 Dionysii
622 1400 654 1454 de
673 1400 785 1470 figuris,
811 1401 844 1454 de
869 1401 1011 1470 composit.
1034 1402 1108 1457 verb.
1132 1400 1197 1466 etc.)
1223 1401 1321 1456 referri

150 1505 229 1558 posse
247 1489 302 1543 iam
327 1504 408 1556 supra
437 1487 589 1543 monuimus
627 1487 702 1558 (pag.
730 1485 767 1553 6).
805 1490 848 1544 Ex
877 1490 1010 1545 eiusmodi
1029 1490 1137 1555 libelle,
1167 1505 1227 1544 cnm
1255 1487 1324 1542 artis

151 1578 305 1634 rhetoricae
330 1577 431 1644 ubique
459 1578 707 1633 commemorandae
733 1585 805 1632 esset
828 1580 987 1645 necessitas,
1024 1578 1181 1634 Roesslerus
1217 1592 1323 1644 qnoque

154 1666 338 1721 definitionem
357 1667 429 1734 apud
448 1666 521 1720 Max.
539 1666 690 1721 Planudem
709 1664 804 1734 (rbett.
824 1684 865 1736 gr.
880 1669 912 1722 V.
932 1685 996 1736 pag.
1015 1668 1069 1723 213
1087 1665 1190 1735 Walz.)
1209 1674 1238 1721 et
1256 1666 1325 1720 alios

153 1754 345 1823 grammaticos
371 1759 508 1809 servatam
537 1762 671 1823 sumptam
692 1770 750 1810 esse
776 1762 857 1825 putat
880 1756 1034 1822 tribuitque
1058 1756 1141 1811 alicui
1168 1755 1327 1824 deperditae

151 1845 202 1898 tali
222 1843 443 1899 commentationi
463 1860 495 1898 ea
514 1861 627 1913 quoque,
648 1860 718 1912 quae
736 1846 856 1900 loannes
876 1846 992 1899 Tzetzes
1011 1850 1039 1898 et
1064 1845 1200 1912 Georgius
1226 1844 1326 1898 Pletho

152 1933 230 1988 nobis
242 1933 365 1988 tradunt.
384 1933 516 1989 Definitio
529 1933 580 1987 illa
593 1934 711 1988 fortasse
729 1950 743 1988 e
757 1934 828 1990 libro
844 1933 914 2012 ὑπὲρ
926 1944 975 2011 τῆς
991 1934 1136 2011 πολιτικῆς
1149 1933 1327 2011 φιλοσοφίας

152 2024 311 2091 deprompta
338 2027 395 2076 est:
429 2022 457 2074 id
486 2023 556 2089 quod
591 2023 623 2077 de
650 2023 815 2091 fragmentis
844 2024 916 2092 apud
945 2023 1107 2078 Plethonem
1138 2029 1166 2076 et
1194 2022 1326 2076 Taetrum

152 2111 270 2166 servatis
287 2127 337 2179 pro
357 2115 431 2164 certo
450 2109 544 2165 habeo.
581 2111 714 2166 Defendit
733 2111 806 2165 enim
824 2113 854 2167 in
872 2114 923 2167 hoc
941 2112 1013 2168 libro
1026 2112 1176 2180 Dionysius
1195 2110 1327 2167 Isocratis

150 2199 359 2270 philosophiam,
379 2200 456 2255 cuius
475 2207 534 2255 erat
553 2207 673 2256 sectator
691 2202 840 2256 acerrimus
859 2201 904 2268 (cf.
923 2203 956 2256 de
975 2203 1057 2256 Isocr.
1078 2219 1100 2255 c.
1121 2201 1146 2254 4.
1174 2219 1201 2270 p.
1221 2199 1274 2254 543
1293 2201 1326 2253 R.

155 2307 177 2344 c.
200 2287 242 2343 12.
267 2304 293 2358 p.
313 2288 380 2357 5583
409 2305 450 2358 ep.
472 2290 523 2344 'ad
551 2290 645 2360 Pomp.
670 2308 691 2344 c.
724 2292 749 2346 6.
769 2308 796 2359 p.
816 2289 878 2357 784)
899 2297 995 2346 contra
1013 2290 1161 2360 Epicureos
1182 2289 1327 2357 (deTbnc.

156 2397 178 2432 c,
198 2379 223 2432 2.
249 2394 276 2446 p.
301 2376 382 2443 aab:
409 2395 479 2446 quae
504 2378 676 2448 philosophia
701 2379 794 2433 civilis
820 2381 958 2433 [socrates
991 2398 1051 2435 oum
1074 2386 1146 2434 esset
1172 2378 1328 2434 coniunctio

158 2469 290 2536 quaedam
308 2467 460 2523 rhetoricae
479 2473 508 2522 et
526 2467 721 2536 philosophiae,
749 2467 782 2520 de
800 2466 953 2520 virtutibus
973 2468 1106 2522 orationis
1126 2467 1277 2522 disserendi
1298 2483 1330 2519 ac

155 2557 302 2612 definiendi
334 2556 465 2625 Dionysio
488 2558 517 2612 in
552 2556 645 2610 libello
670 2555 718 2611 illo
742 2555 811 2610 satis
834 2561 895 2609 erat
920 2555 1019 2623 copiae.
1058 2556 1136 2624 Quod
1162 2556 1184 2610 si
1213 2557 1331 2626 legimus

155 2646 226 2715 apud
249 2644 410 2700 Plethonem
439 2645 533 2713 (rhett.
562 2662 602 2715 gr.
625 2647 671 2711 Vl,
700 2644 753 2700 ost
772 2645 818 2700 W.
848 2645 902 2713 srg.
922 2645 957 2698 25
985 2643 1135 2711 Roessler):
1155 2651 1187 2705 αι’
1218 2647 1247 2705 δὲ
1281 2655 1331 2723 τῆς

156 2735 306 2814 ἑρμηνείας
345 2742 396 2792 τοῦ
431 2730 515 2814 λόγον
553 2738 696 2814 τέσσαρες
733 2733 835 2813 ἀρεταὶ
868 2781 873 2792 .
906 2780 912 2793 .
946 2781 951 2792 .
984 2731 1206 2812 καθεστήκασιν
1245 2732 1325 2798 arba:

155 2819 311 2902 σααὴνεια,
351 2826 499 2899 συντομία,
540 2821 711 2902 πιθανότης,
751 2825 994 2904 μεγαλοπρέπεια,
1019 2824 1057 2893 ὡς
1087 2819 1249 2900 Ἰσοκράτει
1283 2825 1332 2882 καὶ

154 2913 354 2989 Ἐμπεδοκλεῖ,
378 2914 529 2987 Διονυσίῳ,
553 2909 754 2990 ciuiumque,
777 2912 931 2992 Ἰαμβλίχῳ
961 2915 1009 2971 καὶ
1033 2922 1107 2972 πᾶσι
1129 2913 1266 2981 παλαιοῖς
1288 2948 1331 2957 -

156 3001 295 3067 (similiter
309 3002 424 3057 Tzetnes
439 3001 508 3056 chii.
527 3001 592 3066 Xll,
611 3018 638 3056 r.
652 3001 705 3054 566
725 3002 759 3054 cf.
774 3001 859 3068 Quint
879 3003 931 3065 ΙΙΙ,
954 3002 976 3066 1,
996 3002 1025 3067 8)
1046 3017 1060 3055 c
1079 3000 1188 3056 nomine
1200 3000 1333 3055 Isocratis

156 3091 285 3147 adiuncto
305 3091 420 3146 aliorum
439 3091 661 3161 philosophorum
681 3090 834 3144 nominibus
854 3090 976 3144 conicere
996 3108 1137 3158 possumus
1158 3090 1252 3158 aliquo
1272 3090 1330 3144 iure

154 3196 324 3235 enumerasse
333 3180 396 3234 illas
415 3181 534 3236 virtutes
541 3179 703 3248 Dionysium
714 3179 848 3235 inlibello·
855 3178 926 3258 ὑπὲρ
936 3190 986 3258 τῆς
994 3181 1139 3256 πολιτικῆς
1148 3180 1331 3258 φιλοσοφίας.

265 3267 286 3337 1)
306 3271 469 3324 deauratam
487 3269 675 3325 definitionem
697 3268 822 3337 Dionysii
842 3269 1045 3337 epichirematis
1071 3276 1099 3324 et
1118 3266 1333 3337 enthymematis

154 3355 276 3412 invenire
299 3374 353 3412 non
378 3357 458 3425 potui
482 3357 535 3410 nisi
557 3358 629 3424 quod
653 3358 682 3413 in
702 3374 743 3426 ep.
768 3358 810 3411 ad.
831 3358 918 3411 Amin.
947 3373 969 3409 c.
990 3355 1014 3406 7.
1048 3374 1074 3424 p.
1102 3355 1155 3411 730
1182 3349 1333 3423 Dionysius

155 3443 268 3511 apponit
287 3445 446 3501 Aristotelis
466 3446 498 3498 de
512 3444 713 3513 enthymemate
732 3447 905 3512 sententiam,
925 3446 996 3512 quod
1014 3443 1181 3499 rhetoricum
1201 3444 1332 3512 syllogis-

155 3546 226 3585 mum
245 3531 289 3585 hic
307 3546 365 3586 esse
384 3535 452 3588 vult.
472 3532 563 3600 (Rhet.
584 3534 606 3587 Ι.
620 3549 643 3586 c.
657 3535 689 3601 23
711 3535 780 3589 1256
799 3552 815 3588 a
833 3534 895 3597 35):
916 3550 995 3602 quam
1008 3532 1161 3601 opinionem
1180 3531 1332 3587 usitatissi-

155 3636 226 3675 mam
253 3619 312 3673 sine
339 3620 419 3678 dubio
447 3624 596 3692 Dionysius
623 3629 733 3677 secutus
761 3629 812 3676 est.
850 3622 894 3689 (ef.
921 3625 953 3677 de
979 3622 1063 3690 Lysia
1092 3639 1113 3675 ε.
1143 3620 1195 3688 15).
1240 3623 1335 3688 Neque

156 3708 225 3763 mihi
245 3707 364 3763 occurrit
382 3711 518 3767 rhetorico
538 3724 619 3767 seusu
644 3729 699 3767 vox
717 3708 850 3780 στολσειος
874 3712 921 3776 (cf.
941 3713 974 3765 de
993 3728 1077 3781 comp.
1098 3711 1170 3765 verb.
1191 3727 1215 3763 c.
1235 3709 1277 3764 22.
1307 3726 1334 3778 p.

157 3795 222 3852 148:
242 3799 409 3876 ἐρείδεσθαι
426 3797 560 3877 βούλεται
584 3799 621 3861 τὰ
638 3797 767 3877 ὀνόματα
792 3800 932 3871 ἀσφαλῶς
960 3803 1009 3860 καὶ
1038 3798 1156 3869 στάσεις
1178 3796 1335 3879 λαμβάνειν

157 3882 302 3972 ἰσχυράς»
321 3886 491 3942 coniecturae
517 3895 606 3945 status
631 3890 788 3945 nominatur
820 3889 849 3943 iu
874 3892 933 3944 Art.
961 3890 1042 3945 Rhet.
1066 3892 1099 3945 X.
1120 3906 1141 3941 c.
1164 3888 1204 3942 16.
1224 3906 1250 3956 p.
1270 3888 1335 3942 391:

156 3974 289 4057 μέγιστον
297 3976 327 4036 δὲ·
336 3976 384 4033 καὶ
394 3970 572 4052 ἀλογώτατον
581 3984 669 4038 ἐκεῖνο
679 3976 712 4038 τὸ
721 3973 762 4058 με)
770 3982 828 4038 δεῖν
836 3977 866 4049 ἐξ
879 3975 994 4039 εἰκότων
1005 3989 1178 4058 κατηγορεῖν.
1190 3987 1272 4037 actuo
1282 3968 1335 4056 μὰρ

157 4063 329 4127 παντολνιασι
341 4060 564 4141 στοχασμὸν
588 4066 705 4145 ιλναιρεῑ
717 4062 788 4144 ὅπερ
811 4072 945 4146 με’μστον
961 4071 1108 4145 δικανικῆς
1131 4069 1210 4134 ι’δεάς
1237 4070 1333 4143 μέρος.

265 4170 287 4241 ²)
308 4167 443 4228 Caecilius
462 4170 490 4219 et
510 4165 658 4234 Dionysius
682 4173 807 4228 sollemni
827 4172 962 4227 divisione
991 4174 1144 4242 figurarum
1172 4170 1275 4243 λέξεως
1308 4179 1336 4225 et

158 4263 288 4333 διανοίας
306 4262 350 4317 usi
369 4263 432 4315 suut
454 4252 498 4319 lde
517 4265 602 4319 comp.
621 4261 695 4313 verb.
709 4259 734 4312 8.
754 4276 781 4326 p.
801 4259 863 4327 ΙΙΙ.)
882 4260 994 4328 Dionys.
1018 4268 1160 4330 praeterea
1185 4259 1336 4329 distinguit
