3092 4692
739 330 783 398 44

170 529 285 596 libello
308 528 456 595 Platonis
480 527 693 595 elocutionem
725 528 838 595 eodem
861 527 954 593 modo
986 525 1199 594 cavillaretur
1222 544 1286 605 quo
1308 527 1345 592 iu

172 637 402 703 commentario
427 635 467 701 de
490 635 594 718 Lysia
616 634 808 716 conscripto.
855 636 964 716 Atque
987 633 1080 698 utin
1104 633 1164 698 hoc
1186 651 1344 699 commen·

170 741 256 810 tario
282 741 322 808 de
344 741 447 825 Lysia
469 741 652 824 conscripto
676 741 809 808 Platoni
833 742 962 806 omniuo
986 737 1174 820 anteposuit
1197 737 1343 823 Lysiam,

169 850 218 916 ita
239 849 276 915 iu
298 849 409 915 libello
433 867 559 931 quoque
584 848 624 916 de
646 847 847 915 sublimitate
870 847 1047 929 composito
1070 845 1255 927 incomptae
1278 864 1344 910 me-

170 954 354 1022 diocritatis
378 957 574 1023 accerrimus
589 954 718 1021 exstitit
740 953 935 1038 patronus.¹)
981 955 1063 1018 Nam
1080 951 1344 1032 metaphorarum

170 1080 264 1128 usum
287 1082 351 1128 nou
374 1062 438 1128 uisi
460 1081 630 1144 perrarum
653 1060 825 1128 admisisse
848 1059 1023 1126 Caecilium
1047 1058 1130 1125 dicit
1146 1057 1346 1123 Pseudolum·

169 1167 319 1254 ginus32)
350 1168 498 1250 idemque
529 1168 740 1235 sublimitatis
771 1169 913 1249 quinque
945 1182 1137 1232 enumerans
1161 1182 1280 1229 causas
1303 1163 1346 1230 de

170 1276 336 1343 nonnullis
358 1276 449 1343 velut
472 1278 512 1342 de
535 1274 705 1342 affectibus
729 1274 859 1341 omuino
883 1292 956 1339 eum
978 1292 1043 1338 nou
1066 1269 1206 1356 egisse³)
1230 1269 1344 1336 tradit.

169 1382 283 1464 Neque
306 1381 426 1449 iniuria
450 1382 528 1448 miln
543 1381 692 1448 Blassius
716 1379 894 1447 coniecisse
909 1380 1040 1447 videtur
1055 1383 1187 1459 praeter
1202 1375 1340 1443 affectus

169 1490 293 1574 figuras
324 1509 450 1571 quoque
481 1491 522 1555 ab
554 1509 593 1555 eo
624 1508 696 1556 csse
727 1487 903 1573 omissas,⁴)
935 1505 1016 1567 quas
1045 1487 1177 1552 tertiam
1211 1502 1344 1551 causam

171 1647 242 1728 ὅπερ
266 1647 282 1713 ὁ
304 1653 440 1720 Κεκίλιος
464 1649 514 1712 οὐκ
537 1647 593 1710 οἶδ’
617 1645 696 1720 ὅπως
726 1653 957 1727 καταμέμφεται.
1003 1642 1114 1718 ‚demde
1143 1640 1189 1716 ὧν,
1222 1648 1301 1723 φησί,
1326 1645 1343 1707 ὁ

172 1740 319 1810 Φίλιππος
341 1737 581 1820 ὰναγκοφαγῆσαι
604 1736 663 1824 (τὰ)
687 1735 855 1819 πράγματα.

279 1844 303 1912 ¹)
322 1847 443 1902 Musteus
460 1845 478 1900 l.
497 1846 516 1900 1.
534 1863 561 1915 p.
581 1844 606 1899 7.
625 1861 664 1914 sq.

279 1933 301 2004 ²)
320 1936 433 2004 Pslong.
452 1958 483 1999 a,
508 1930 560 2012 ὗψ.
580 1950 602 1988 c.
621 1933 664 1987 32.
688 1951 714 2003 p.
733 1931 783 1988 46:
801 1935 867 2012 περὶ
890 1931 921 1992 δὲ
937 1927 1069 2009 πλήθους
1084 1932 1133 1990 καὶ
1149 1926 1278 2015 (τόλμης)
1290 1937 1347 1991 τῶν

170 2024 381 2104 panocetae
415 2024 468 2100 μὲν
497 2024 634 2092 Κεκίλιος
667 2019 741 2083 ἔοικε
774 2024 1050 2102 συγκατατίθεσθαι
1079 2031 1140 2089 τοῖς
1171 2016 1223 2079 doio
1258 2016 1276 2097 ἢ
1309 2015 1344 2078 τὸ

170 2116 305 2174 πλεῖστον
327 2124 404 2191 τρεῖς
426 2115 473 2172 ἐπὶ
495 2111 602 2172 ταύτοῦ
623 2118 817 2188 νομοθετοῖσι
838 2104 1013 2170 τάττεσθαι.

279 2216 301 2286 ³)
334 2239 364 2277 π.
399 2214 452 2293 dua.
484 2235 506 2273 c.
525 2218 551 2271 8.
576 2235 602 2287 p·
623 2216 671 2273 11:
700 2263 707 2277 .
732 2263 739 2277 .
763 2263 770 2277 .
800 2225 939 2277 τοσοῦτον
972 2211 1170 2294 προειπόντες,
1209 2209 1252 2273 ὅτι
1285 2221 1343 2274 τῶν

171 2310 255 2368 πέντε
285 2309 393 2387 μορίοιν
423 2307 439 2368 ὁ
471 2309 607 2377 Κεκίλιος
638 2304 745 2367 ἔστιν
777 2301 796 2366 ἃ
827 2306 999 2387 παρέλιπεν,
1031 2303 1069 2374 ὡς
1099 2306 1148 2363 καὶ
1178 2300 1212 2362 τὸ
1239 2298 1343 2371 πάθος

172 2394 281 2474 ἀμέλει

278 2501 325 2570 4,)
328 2504 423 2569 ,.Blass
443 2503 489 2558 Gr.
508 2504 569 2557 Ber
592 2518 617 2570 p
637 2501 690 2556 202
708 2518 735 2554 n
754 2500 806 2563 2,
808 2506 890 2563 ‚Liess
908 2520 935 2553 ιν
953 2505 1018 2553 noch
1037 2458 1109 2554 αιτίιν
1126 2520 1183 2561 aus,
1202 2520 1230 2551 so
1247 2503 1349 2551 λϋααια

172 2597 232 2644 dass
260 2612 314 2643 nur
337 2597 375 2645 die
404 2613 538 2671 σχηματα
568 2609 678 2658 gewesen
705 2594 766 2650 scin,
797 2594 835 2642 die
861 2594 917 2642 sich
944 2601 1022 2641 unter
1049 2593 1093 2642 der
1120 2584 1261 2666 cuissiacus
1286 2592 1346 2640 sub-

171 2683 324 2733 summieren
341 2680 457 2734 liessen“
493 2680 545 2748 Qui
573 2679 676 2735 fuerint
695 2679 786 2734 fontes
813 2676 856 2731 illi
883 2676 1073 2747 sublimitatis,
1101 2693 1169 2744 quos
1197 2675 1349 2730 Caecilium

172 2767 333 2837 neglexisse
360 2767 428 2822 dicit
445 2769 622 2838 Pslouginua
650 2767 777 2824 nonnisi
803 2765 968 2820 coniecturis
995 2765 1086 2821 dubiis
1114 2763 1246 2833 suspicari
1269 2763 1336 2818 licet

175 2858 269 2926 Atque
288 2856 478 2913 Rothsteinius
502 2858 611 2926 quidem
638 2854 794 2926 1.1.p.15
819 2873 858 2923 sq.
896 2854 1043 2910 Caecilium
1069 2870 1148 2921 quem
1172 2853 1259 2921 primo
1284 2852 1348 2907 loco

171 2947 266 3015 posuit
274 2948 379 3002 iontem
389 2946 574 3015 Pseudolong.
584 2941 617 3006 τὸ
624 2945 804 3026 μεραλοφυὲς
813 2943 1014 3008 omisissedioit,
1022 2941 1349 3011 configurascaecilium

172 3040 309 3092 tractasse
327 3036 395 3091 satis
415 3040 553 3105 appareat,
572 3033 701 3101 quoniam
718 3033 747 3087 in
765 3032 823 3087 illis
840 3031 908 3100 ipsis
927 3029 1079 3085 tractandis
1091 3031 1218 3086 Pseudol.
1237 3037 1349 3085 secutus

175 3125 213 3178 sit
232 3124 347 3180 Caecilii
365 3126 398 3181 de
415 3124 513 3194 figuris
532 3121 755 3192 disputationem.
793 3120 844 3176 Cui
863 3119 1043 3189 disputationi
1061 3119 1162 3173 Blassii
1181 3117 1350 3174 sententiam

173 3215 313 3279 praeferre
331 3230 385 3269 non
404 3214 507 3282 dubita
526 3229 588 3269 nam
610 3213 640 3267 in
657 3210 735 3275 libro,
755 3226 809 3279 quo
828 3211 861 3265 de
881 3209 1051 3264 sublimitate
1069 3207 1178 3277 agebat,
1198 3208 1350 3264 Caecilium

175 3299 295 3367 primum
313 3302 381 3357 illud
401 3308 485 3369 atque
509 3301 707 3371 gravissimum,
739 3296 773 3360 τὸ
807 3302 872 3378 περὶ
910 3295 963 3367 τοὶς
999 3295 1112 3376 νοήσεις
1142 3293 1342 3377 υἱδρεπὴβολοκ

173 3389 388 3455 praetermisisse
411 3397 444 3445 ut
462 3405 584 3444 censeam
610 3390 686 3445 nullo
711 3389 790 3445 modo
815 3387 882 3442 mihi
907 3388 1069 3456 persuadere
1092 3403 1209 3456 possum.
1246 3387 1344 3453 Neque

174 3490 240 3529 vero
258 3492 367 3542 prorsus
386 3481 488 3548 figuras
508 3477 657 3532 Caecilium
675 3477 828 3547 neglexisse
846 3483 912 3545 puto
940 3491 1026 3543 neque
1056 3472 1090 3535 τὸ
1123 3473 1239 3544 aleos:
1273 3489 1346 3541 quae

174 3563 313 3618 sententia
326 3567 392 3620 mihi
404 3567 516 3622 uidetur
525 3567 696 3634 aliquantum
709 3565 877 3635 comprobari
890 3565 930 3618 eis
940 3563 1038 3628 verbis,
1052 3563 1149 3632 quibus
1162 3564 1349 3632 Pseudolong.

175 3652 209 3708 ad
232 3651 335 3719 figuras
354 3657 511 3711 tractandas
534 3655 637 3710 transit
661 3671 683 3708 c
704 3653 745 3719 16,
766 3652 836 3722 Lp
855 3653 903 3708 31:
921 3648 1042 3713 Αίτοθι
1057 3657 1153 3729 μέντοι
1173 3652 1255 3712 καὶὸ
1278 3656 1347 3731 περὶ

175 3734 328 3821 σχημάτων
344 3741 444 3821 ἐφεξῆς
455 3750 590 3805 τέτακται
605 3739 700 3812 τόπος,
717 3744 766 3801 καὶ
782 3765 836 3822 γαρ
851 3741 940 3812 ταῦτ’,
957 3736 993 3800 o'is
1005 3736 1041 3801 ὃν
1052 3746 1114 3802 dea
1124 3737 1258 3812 σκευαζ
1261 3762 1326 3818 ητα
1340 3766 1350 3801 ι

174 3825 328 3909 τρόπον,
352 3829 389 3899 ὡς
411 3828 490 3909 ἔφην,
514 3856 566 3894 ουκ
578 3857 614 3894 αν
637 3832 654 3910 ἡ
676 3840 843 3911 τυχοῦσα
866 3828 1009 3910 μεγεθους
1032 3829 1179 3908 ειημερίςς
1201 3830 1348 3885 Coniceres

174 3919 237 3974 inde
256 3917 405 3972 Caecilium
422 3925 554 3977 tractasse
572 3924 684 3991 figuras
703 3927 733 3975 at
750 3937 807 3976 nou
823 3919 898 3974 iusta
916 3926 960 3976 rat
961 3919 1031 3974 ione
1068 3920 1127 3973 Iam
1145 3933 1212 3972 vero
1231 3935 1291 3974 cum
1312 3919 1348 3974 de

175 4008 273 4078 figuris
291 4010 418 4061 accurate
437 4006 576 4075 disputare
594 4010 706 4075 longum
726 4008 771 4074 sit,
790 4024 877 4077 pauca
895 4025 923 4063 se
942 4008 1088 4062 allaturum
1100 4023 1158 4061 esse
1176 4006 1253 4072 dicit,
1277 4024 1349 4074 quae

175 4096 293 4151 maxime
312 4096 434 4150 facerent
452 4095 487 4149 ad
505 4097 714 4166 sublimitatem
733 4098 831 4153 deinde
849 4097 953 4167 pergit:
984 4093 1149 4167 ,ἀπόδειξιν
1179 4095 1195 4155 ὁ
1229 4098 1347 4172 Λημοσ-

175 4187 264 4261 θένης
287 4183 357 4262 ὑπὲρ
384 4192 439 4243 τῶν
469 4184 712 4260 πεπολιτευμένων
743 4190 873 4265 είςφέρει.
904 4187 947 4253 τίς
974 4180 1036 4260 δ’ἦν
1059 4185 1076 4260 ἡ
1099 4180 1202 4243 κατὰ
1226 4180 1347 4261 φύσιν

176 4279 314 4350 χρῆσις
348 4270 449 4347 αὐτῆς
486 4268 556 4346 ,οὐχ
590 4269 738 4348 ἡμάρτετε,
779 4273 807 4333 ὠ.
840 4269 941 4349 ἄνδρες
967 4272 1077 4348 Ἀθην,
1107 4271 1158 4331 τὸν
1188 4272 1259 4349 ὑπὲρ
1290 4282 1348 4333 τῶν

175 4356 314 4436 Ἑλλήνων
337 4359 505 4433 ἐλευθερίας
527 4354 623 4433 ἀγῶνα
647 4356 785 4434 ἀράμενοι
801 4385 826 4420 κ.
842 4383 866 4423 τ.
883 4362 927 4419 λ.“
973 4366 1064 4426 Atque
1095 4361 1150 4414 iam
1176 4359 1346 4415 Martensius
