3092 4692
693 198 734 265 14

129 416 210 478 quae
242 395 382 463 confecit
411 414 476 461 non
505 394 607 462 multo
638 400 809 478 postquam
841 414 881 462 ex
898 395 1098 478 'Apollodori
1128 396 1302 479 disciplina

128 503 279 568 dimissus
302 508 361 568 est.
419 503 526 583 Atque
556 501 589 566 id
621 500 749 583 quidem
781 520 845 568 non
875 502 969 567 modo
1001 501 1077 568 inde
1101 504 1299 588 concludam,

128 608 212 691 quod
235 609 270 674 in
298 608 475 690 quaerendi
505 610 633 676 ratione
663 609 777 675 subtili
800 610 1033 690 Apollodorum
1064 611 1211 675 imitatus
1241 616 1300 694 est,

128 716 185 782 sed
209 717 308 782 etiam
333 715 416 805 quod
440 716 474 780 in
496 714 578 796 ipsis
602 715 858 799 quaestionibus,
884 734 1075 797 quamquam
1109 715 1144 781 in
1167 717 1302 799 singulis

127 840 220 887 suam
236 822 431 888 seutentiam
447 839 520 887 eum
536 821 712 902 protulisse
727 828 825 903 atque
841 822 995 888 nonnulla
1006 821 1113 904 magis
1125 820 1304 887 excoluisse

127 928 224 994 facile
247 946 265 993 e
288 925 483 1010 fragmentis
508 926 725 1010 perspicitur,
758 933 869 994 tamen
899 926 934 994 in
966 947 1089 994 summa
1114 925 1305 1009 Apollodori

126 1033 276 1117 vestigiis
299 1033 454 1100 insistere
477 1034 618 1100 videtur.
666 1036 706 1100 In
722 1036 907 1101 tractandis
923 1037 1008 1102 enim
1025 1036 1106 1101 artis
1122 1032 1305 1100 rhetoricae

126 1142 310 1224 praeceptis
344 1139 579 1222 Apollodorum
615 1141 693 1207 solis
734 1142 945 1208 iudicialibus
983 1146 1169 1209 contentum
1204 1137 1306 1206 fuisse

125 1245 485 1331 traditm(Quint.HI.
507 1245 602 1331 1,1);
626 1246 761 1313 Caecilii
777 1249 894 1315 Artem
918 1266 1045 1329 quoque
1069 1248 1112 1313 ad
1135 1245 1305 1313 iudiciales
1337 1318 1347 1338 ·

126 1356 230 1421 solnm
253 1353 460 1433 quaestiones
485 1358 651 1433 spectasse
666 1352 845 1419 verisimile
867 1360 932 1438 est,
956 1353 986 1420 si
1008 1353 1138 1436 quidem
1162 1357 1306 1419 statuum

126 1459 273 1529 doctrina
295 1459 435 1524 maxime
466 1458 507 1524 ad
531 1459 772 1526 controversias
805 1460 986 1546 pertinet.¹)
1044 1460 1129 1544 Quid
1161 1457 1305 1523 dicamus

131 1566 319 1649 defiguris?
342 1566 575 1648 Apollodorum
587 1566 931 1650 incomprehensibilia
942 1569 1118 1651 figurarum
1130 1569 1306 1650 praecepta

128 1673 335 1740 existimasse
358 1673 429 1754 ipse
452 1672 611 1739 Caecilius
633 1673 783 1755 tradidit;
814 1674 921 1757 ipsum
952 1694 1017 1741 non
1047 1674 1097 1741 ita
1127 1674 1263 1739 multum
1287 1689 1307 1735 a

126 1780 290 1847 sententia
324 1778 476 1861 magistri
509 1779 686 1846 recessisse
720 1788 789 1847 tum
832 1780 1021 1848 definitione
1055 1781 1196 1863 figurae,
1240 1795 1306 1857 qua

127 1886 235 1953 onmia
254 1889 419 1953 schemata
435 1891 531 1968 putat
554 1905 639 1967 qnae
653 1906 718 1953 non
733 1887 800 1954 siut
815 1885 891 1948 κατὰ
908 1884 1038 1972 φύσινῖ),
1055 1893 1124 1953 tum
1139 1883 1304 1952 varietate

126 2000 160 2059 et
182 1986 388 2059 multitudine
411 1992 603 2076 figurarum,
632 2011 714 2073 quas
737 1993 808 2075 ipse
833 1994 1017 2077 descripsit,
1043 1991 1192 2059 conicere
1215 1991 1305 2056 licet.

126 2098 287 2179 Exempla
309 2103 418 2165 antem
448 2098 492 2164 ad
522 2100 671 2182 singulas
703 2101 827 2183 figuras
857 2099 1071 2167 illustrandas
1102 2117 1166 2165 non
1198 2095 1306 2163 omnia

127 2223 168 2269 ex
202 2208 365 2271 oratorum
405 2206 539 2287 scriptis
575 2206 633 2273 sed
667 2209 829 2288 permnlta
863 2226 904 2273 ex
934 2204 1133 2288 Thucydide,
1169 2203 1233 2270 alia
1266 2220 1307 2268 ex

125 2310 302 2394 Herodoto,
327 2331 345 2379 e
368 2311 537 2396 Sophocle,
562 2311 733 2398 Euripide,
763 2313 838 2381 aliis
860 2313 965 2396 poetis
996 2312 1210 2395 deprompsit:
1243 2327 1308 2388 qua

125 2437 161 2484 re
184 2418 299 2485 ductus
323 2436 395 2485 cum
418 2416 535 2485 librum
559 2418 600 2484 de
623 2418 739 2501 figuris
763 2427 841 2487 ante
857 2419 1115 2487 commentarios
1140 2419 1179 2484 de
1196 2416 1308 2482 decem

126 2523 310 2591 oratoribus
318 2524 520 2593 editumesse
530 2526 1023 2612 conieceritBurckhardtius,³)
1031 2521 1307 2608 quio„Caecilius,

125 2635 295 2712 postquam
312 2630 423 2696 decem
438 2639 585 2700 oratores
602 2633 730 2701 Atticos
748 2634 852 2700 solam
869 2640 961 2701 recte
979 2630 1145 2701 scribendi
1160 2629 1309 2714 regulam

126 2738 304 2819 proposuit,
327 2739 363 2803 in
386 2739 473 2804 omni
497 2739 538 2805 de
561 2739 736 2807 rhetoricis
759 2743 858 2809 rebus
875 2741 1067 2823 quaestione
1090 2736 1241 2806 nonnisi
1265 2753 1306 2801 ex

125 2842 192 2909 illis
225 2844 374 2925 exempla
407 2862 534 2911 sumere
566 2845 760 2931 potuissem,
793 2849 888 2915 vides
919 2849 991 2931 plus
1025 2844 1193 2912 firmitatis
1227 2841 1305 2909 addi

127 2951 309 3016 sententiae
332 2970 432 3034 supra
454 2954 614 3035 prolatae,
640 2973 704 3033 qna
732 2954 856 3037 scripta
871 2954 1037 3021 rhetorica
1052 2953 1157 3036 prima
1173 2952 1305 3019 Caecilii

127 3073 226 3135 opera
249 3058 399 3124 habenda
423 3077 496 3125 esse
521 3061 641 3125 censui.

231 3179 404 3247 Pendebat
434 3181 539 3266 igitur
570 3203 612 3250 ex
642 3183 841 3265 Apollodoro
873 3185 1036 3252 Caecilius
1067 3203 1138 3252 cum
1173 3182 1306 3264 scripsit

126 3282 289 3351 rhetorica
311 3286 370 3353 illa
385 3288 511 3369 scripta
527 3291 664 3370 eiusque
682 3291 852 3359 doctrinae
867 3292 994 3359 ratione
1008 3299 1163 3373 tanquam
1178 3288 1306 3372 laqueis

128 3388 297 3455 devinctus
327 3392 493 3476 ingenium
526 3398 737 3464 consumebat
766 3400 801 3465 in
833 3398 1018 3481 praeceptis
1041 3397 1108 3464 illis
1135 3395 1304 3478 technicis,

129 3510 214 3576 quae
236 3510 316 3560 sane
338 3500 405 3562 tum
428 3498 462 3564 in
485 3518 603 3583 magno
627 3503 749 3569 honore
774 3504 877 3572 fuisse
901 3508 1034 3571 constat
1057 3502 1146 3589 (dial.
1164 3504 1204 3570 de
1224 3507 1305 3569 orat.

236 3703 259 3771 ¹)
278 3704 433 3764 Volkmann
456 3715 513 3771 „dc'e
538 3717 658 3769 Rhetorik
680 3719 724 3769 der
744 3721 865 3772 Grr'eclun
890 3723 948 3773 und
964 3725 1056 3774 Rimer
1081 3726 1109 3774 in
1133 3732 1195 3785 syst.
1220 3722 1305 3773 Ualer-

131 3800 200 3850 sich!
217 3800 323 3864 dargcst.
343 3795 409 3861 Lpz.
428 3795 506 3850 1874.
525 3816 587 3869 pag.
606 3799 654 3870 303
673 3798 742 3871 ’ρας
760 3803 796 3856 55
815 3805 907 3874 (1885)

244 3881 265 3951 ²)
285 3885 400 3939 Prorsus
417 3896 540 3952 repugno
553 3888 748 3957 Burkhardtio,
768 3893 815 3959 qui
833 3893 852 3947 l.
870 3895 889 3948 l.
908 3912 972 3965 pag.
987 3894 1021 3948 18
1033 3896 1103 3952 hanc
1120 3896 1154 3951 de
1172 3896 1307 3952 ditionem

128 3973 200 4042 apud
234 3970 477 4029 Phoebammonern
510 3973 643 4029 traditam
677 3977 779 4045 optimo
812 3982 956 4038 convenire
974 3990 1056 4052 putat
1074 4001 1134 4040 cum
1172 3985 1211 4041 eis
1237 4002 1306 4054 quae

130 4062 163 4116 de
190 4059 369 4132 Antiphontis
408 4056 504 4125 liguris
538 4060 666 4118 disseruit
694 4066 842 4137 Caecilius,
885 4088 965 4140 quam
1006 4075 1220 4130 controversiam
1253 4093 1306 4131 guo

128 4150 187 4205 loco
206 4151 362 4211 accuratius
380 4159 523 4214 exponam.

235 4237 258 4308 ⁸)
276 4241 294 4296 1·
313 4241 331 4294 1·
349 4253 413 4307 naa·
434 4232 477 4288 2⁰·
