3092 4692
371 1232 764 1378 Quaestiones
814 1231 1197 1373 caecilianae.

601 1578 968 1697 Prolegomena.

307 1810 357 1894 Ex
381 1847 442 1909 quo
459 1834 603 1909 tempore
618 1829 757 1906 Romani
782 1830 863 1894 fines
885 1827 1006 1893 Italiae
1022 1827 1219 1908 transgressi
1235 1825 1373 1893 orientis

201 1954 328 2016 quoque
359 1940 465 2001 terras
503 1939 677 2015 coeperunt
717 1934 825 2001 faeere
856 1952 935 2000 suae
974 1931 1159 2015 potestatis
1194 1931 1267 1998 fieri
1307 1952 1372 1998 non

199 2044 314 2126 potuit,
339 2043 417 2122 quin
432 2041 589 2122 paulatim
604 2043 713 2122 prisca
730 2059 839 2107 eorum
862 2042 987 2123 ingenii
1007 2058 1195 2119 morumque
1211 2041 1373 2121 asperitas

203 2149 353 2214 Graecae
392 2146 607 2213 humanitatis
641 2165 752 2213 amore
786 2148 996 2212 imbueretur.
1053 2147 1135 2211 Nam
1171 2151 1205 2211 et
1234 2146 1374 2213 Romani

200 2255 255 2321 diu
278 2256 404 2322 versati
426 2254 462 2319 in
477 2253 543 2321 illis
555 2255 753 2338 regionibus,
771 2271 853 2333 quae
869 2252 1093 2319 Alexandrina
1107 2253 1374 2336 Pergamenaqne

200 2362 349 2427 doctrina
371 2359 430 2425 illa
452 2358 656 2425 nobilissima
672 2361 763 2426 velut
783 2357 935 2441 perfusae
959 2364 1063 2437 erant,
1088 2359 1273 2425 adamatam
1297 2360 1373 2425 inde

200 2468 357 2533 Graeciae
392 2465 591 2548 elegantiam
623 2465 750 2533 domum
790 2466 984 2532 rettulerunt
1016 2472 1050 2532 et
1080 2466 1197 2531 Graeci
1228 2466 1374 2532 homines

200 2573 349 2639 doctrina
365 2572 539 2639 et-artibus
555 2575 675 2638 exculti
691 2575 828 2640 Romam
844 2572 1040 2655 petiverunt
1064 2577 1101 2637 ut
1115 2570 1373 2639 adulescentulos

199 2697 258 2744 sna
295 2679 469 2759 disciplina
503 2679 682 2745 initiarent.
740 2681 852 2760 Neque
891 2697 968 2745 vero
1003 2678 1189 2759 eloquentia
1223 2679 1374 2759 quamvis

199 2785 287 2850 hand
310 2785 418 2850 aliena
441 2805 461 2850 a
483 2786 701 2851 Romanorum
723 2786 833 2851 indole
841 2785 864 2868 ¹)
887 2785 996 2851 lumen
1012 2786 1158 2852 Graecae
1182 2785 1373 2852 eruditionis

87 2924 90 2929 ·
201 2889 340 2974 refugit:
378 2891 455 2971 quin
487 2892 587 2957 etiam
619 2896 712 2957 tanta
742 2890 777 2957 vi
807 2897 964 2972 tantaque
1001 2893 1179 2973 cupiditate
1210 2891 1373 2958 rhetorica

200 2996 309 3063 studia
339 2996 486 3082 arripuit,
522 3006 558 3062 ut
588 2998 750 3064 contentio
784 2998 843 3064 illa
875 2999 962 3066 inter
996 3000 1143 3064 rhetores
1174 2997 1214 3063 de
1250 2998 1372 3079 optimo

68 3096 98 3200 J
200 3103 326 3169 dicendi
357 3123 478 3186 genere
504 3103 636 3185 habita,
674 3124 744 3170 eum
781 3103 839 3170 alii
873 3104 1032 3171 Asianum
1068 3103 1222 3183 loquendi
1252 3121 1373 3169 morem

201 3209 340 3276 maxime
352 3220 420 3275 tum
432 3216 623 3293 regnantem
636 3210 818 3296 laudarent,
831 3212 889 3277 alii
901 3212 1031 3276 Atticos
1044 3218 1190 3276 oratores
1198 3208 1375 3291 imitandos

200 3320 427 3403 proponerent,
456 3317 579 3382 Romae
602 3322 702 3397 atque
739 3317 826 3385 inter
856 3319 1019 3383 Romane„
1058 3323 1206 3383 oratores
1236 3317 1374 3398 primum

202 3422 384 3487 exoriretur
433 3432 467 3489 et
519 3424 561 3489 ab
617 3423 668 3489 his
710 3424 753 3489 ad
796 3423 892 3490 finem
936 3422 1204 3509 perduceretur.²)
1275 3423 1370 3490 Vice-

137 3592 139 3597 ,
202 3532 280 3593 runt
323 3532 431 3595 autem
474 3529 529 3609 qui
566 3529 749 3596 Atticorum
789 3548 971 3597 sermonem
1006 3528 1256 3611 praeferendum
1299 3549 1371 3597 esse

200 3640 356 3715 putarent
377 3636 469 3701 velut
485 3635 596 3703 Oieerc
620 3641 654 3701 et
669 3638 770 3703 multo
788 3638 895 3703 acrius
912 3637 1045 3718 Calvns3
1070 3655 1206 3716 qnorum
1230 3623 1375 3718 vestigia

201 3740 321 3806 sectati
345 3740 443 3806 etiam
460 3742 589 3825 Graeci,
614 3741 720 3809 fracto
737 3742 862 3810 Asiane
886 3749 1022 3824 tumore,
1049 3762 1133 3823 quae
1156 3744 1246 3808 orbis
1269 3748 1374 3809 terra·

62 3922 70 3937 ,
201 3866 272 3913 rum
318 3838 457 3914 dominis
502 3848 628 3929 placuit
672 3849 885 3917 imitationem
926 3847 1031 3915 Attici
1069 3848 1197 3916 dicendi
1243 3847 1373 3933 generis
1464 3942 1470 3949 ⁶

201 3958 417 4034 susceperunt.

310 4130 330 4197 ¹)
350 4135 386 4188 ef.
406 4133 461 4189 Oic.
482 4132 562 4188 Tunc.
581 4133 650 4202 disp.
670 4134 692 4188 1.
713 4149 771 4202 cap.
790 4132 817 4200 33
836 4134 870 4188 de
889 4138 958 4188 orat.
978 4132 1109 4199 1.4,14.

308 4216 330 4287 ²)
350 4221 385 4276 or.
412 4222 500 4287 Blass,
528 4227 670 4277 &scaeua
699 4226 744 4276 der
765 4227 860 4289 greca.
896 4227 1084 4307 umaquec
1105 4243 1130 4274 v.
1160 4225 1231 4272 aaa.
1260 4223 1300 4270 aa
1327 4224 1383 4286 aas

201 4314 346 4377 Angustus.
365 4313 433 4363 aera
453 4308 530 4364 1863.
549 4327 613 4380 pag.
632 4308 694 4365 123.
1166 4393 1180 4446 1
