3092 4692
791 331 833 395 49

223 547 331 629 ipsum
367 543 536 627 collegisse
566 546 743 628 putandum
779 545 840 627 sit,
878 564 945 610 non
978 543 1085 610 video.
1143 545 1225 608 Nam
1261 543 1399 625 diligen·

224 651 353 718 tissime
384 670 454 717 eum
483 651 705 734 Thucydidem
740 650 932 734 perlegisse,
968 669 1039 715 cum
1071 669 1111 715 ex
1137 651 1261 714 maiore
1296 652 1397 731 scrip·

224 758 324 838 tione,
350 776 445 837 quam
468 759 512 824 'de
537 758 727 841 Thucydide
750 757 938 839 composuit,
970 763 1038 823 tum
1069 775 1110 821 ex
1141 755 1280 837 singulis
1312 775 1398 837 quae

224 870 356 944 praeter
378 864 505 946 glossas
532 864 615 931 istas
647 865 687 930 de
710 863 910 946 Thucydidis
940 866 1107 928 structura
1137 862 1327 945 syntectica‚
1357 864 1400 930 de

224 971 485 1054 enthymematis,
510 971 550 1037 de
572 969 688 1054 liguris
712 968 883 1036 adnotavit
906 969 1061 1050 exemplis
1085 967 1227 1034 dilucide
1250 975 1399 1050 apparet.

223 1074 309 1159 Quin
345 1076 444 1142 etiam
478 1076 621 1157 ipsarum
657 1077 837 1158 glossarum
870 1075 984 1141 ordine
1018 1075 1060 1140 ad
1094 1093 1165 1139 eam
1201 1074 1397 1141 sententiam

218 1181 438 1264 perducimur,
470 1189 508 1248 ut
535 1185 577 1249 ab
604 1181 676 1263 ipso
700 1181 861 1263 Dionysio
885 1181 1039 1247 collectas
1062 1199 1134 1247 esse
1157 1200 1213 1246 eas
1236 1185 1396 1262 putemus.

221 1288 251 1353 N
254 1307 303 1353 am
317 1289 451 1354 Caecilii
468 1289 598 1369 quidem
614 1288 739 1354 lexicon
756 1289 939 1370 glossarum
956 1284 1032 1347 κατὰ
1047 1300 1186 1366 στοιχεῖον
1200 1287 1395 1354 adornatum

222 1393 325 1462 fuisse
346 1396 482 1461 scimus:
507 1414 569 1475 quo
593 1394 621 1459 si
636 1412 713 1459 usus
729 1400 817 1460 esset
831 1393 1018 1478 Dionysius,
1043 1412 1105 1474 qua
1121 1393 1248 1459 ratione
1264 1393 1395 1459 ductum

222 1502 452 1568 elementorum
477 1501 621 1567 ordinem
645 1500 678 1566 in
695 1499 855 1582 ponendis
879 1498 997 1581 glossis
1020 1519 1092 1565 eum
1115 1498 1395 1579 turbasseputabi-

218 1609 317 1675 mus?
364 1608 428 1673 Sed
466 1607 497 1671 in
532 1606 623 1688 ipsas
651 1609 779 1687 glossas
811 1606 1014 1686 inquirentes
1057 1609 1248 1688 statuamus,
1281 1604 1397 1686 quibus

219 1713 302 1778 locis
320 1714 478 1779 historiae
490 1712 722 1795 Thucydideae
739 1712 963 1779 inveniantur:
987 1713 1051 1776 iam
1063 1711 1246 1779 videbimus
1263 1718 1396 1778 exstare

219 1818 294 1886 illas
326 1839 436 1886 omnes
466 1819 500 1884 iu
530 1819 728 1900 Thucydidis
759 1819 845 1884 libro
879 1820 983 1899 primo
1015 1826 1049 1883 et
1081 1820 1115 1883 in
1151 1818 1228 1883 libri
1262 1818 1395 1884 secundi

219 1927 344 1994 duobus
361 1927 537 2007 capitibus3
549 1925 572 2011 ¹)
596 1944 679 2005 quae
703 1944 773 1991 cum
789 1925 839 1990 ita
852 1926 927 2006 sint,
947 1926 1096 1991 crederes
1111 1924 1182 1990 iure
1198 1923 1393 2004 Dionysium

219 2035 407 2100 volventem
442 2031 642 2113 Thucydidis
676 2030 862 2113 historiam,
897 2041 935 2097 ut
968 2032 1118 2112 exempla
1151 2029 1215 2096 sibi
1248 2037 1394 2113 pararet,

220 2138 303 2204 satis
329 2138 483 2203 habuisse
510 2157 566 2203 eas
597 2138 754 2203 adnotare
787 2138 926 2221 glossas,
956 2155 1039 2216 quae
1069 2139 1104 2202 in
1135 2137 1219 2203 libro
1241 2138 1268 2202 I.
1291 2143 1326 2202 et
1347 2136 1392 2202 Il.

219 2245 372 2311 celeriter
395 2244 458 2309 sibi
481 2245 663 2326 perlegenti
691 2244 919 2309 occurrissent.
966 2242 1025 2307 Cui
1048 2248 1248 2326 argumento,
1282 2262 1392 2324 quam-

221 2369 316 2430 quam
348 2348 426 2419 mihi
458 2351 585 2429 quidem
617 2348 699 2415 satis
727 2367 829 2432 grave
863 2368 934 2415 esse
957 2350 1097 2432 videtur,
1133 2357 1171 2415 ut
1200 2348 1392 2430 Dionysium

216 2477 282 2523 non
305 2456 391 2521 elius
420 2456 588 2538 scriptoris
615 2457 750 2538 delectu,
783 2456 841 2520 sed
865 2456 970 2536 ipsius
1000 2455 1265 2521 adnotationibus
1293 2473 1387 2521 usum

217 2581 290 2630 esse
325 2581 484 2644 censeam,
519 2570 629 2629 tamen
663 2562 747 2644 siqui
778 2563 884 2627 minus
915 2561 1010 2627 fidem
1042 2563 1195 2644 habeant,
1230 2580 1389 2642 ponamus

218 2671 328 2734 aliena
358 2669 480 2751 scripte
510 2688 582 2736 eum
605 2669 817 2752 excerpsisse,
847 2704 890 2713 —
920 2666 1023 2747 quid?
1058 2667 1171 2732 eodem
1199 2667 1270 2734 iure
1293 2676 1393 2748 atque

220 2775 395 2841 Caecilium
419 2794 525 2840 nonne
548 2777 727 2855 quemlibet
754 2776 853 2839 alium
876 2773 1036 2839 bominem
1059 2774 1211 2854 glossarii
1234 2774 1392 2839 eiusmodi

220 2881 423 2963 Thucydidei
447 2887 613 2948 auctorem
637 2881 739 2946 fuisse
762 2879 877 2946 licebit
899 2878 1041 2962 putare?
1079 2882 1159 2946 Nem
1183 2880 1284 2945 multo
1314 2887 1393 2946 ante

216 2987 371 3070 Dionysii
407 2989 543 3054 Romam
583 2988 757 3054 aduentum
796 2985 945 3052 floruisse
982 2986 1029 3054 ibi
1066 2992 1189 3052 sectam
1227 2987 1390 3066 quandam

216 3092 498 3176 Thucydideorum
522 3114 540 3160 e
564 3093 729 3161 Ciceronis
759 3092 955 3159 testimoniis
978 3092 1133 3178 elucet32)
1164 3094 1217 3172 qui
1241 3110 1311 3159 cum
1335 3112 1391 3160 ex·

216 3199 355 3282 primere
387 3202 557 3267 studerent
583 3199 782 3282 Thucydidis
814 3199 944 3264 dicendi
968 3217 1080 3281 genus,
1105 3200 1244 3265 maxime
1271 3204 1381 3265 autem

216 3304 301 3372 uitia
324 3308 393 3371 eius
416 3306 632 3388 imitarentur,
664 3305 740 3386 quin
769 3306 898 3387 glossas
924 3304 998 3371 illas
1022 3324 1042 3370 a
1067 3303 1228 3387 Dionysio
1260 3307 1388 3387 vitupe-

307 3483 328 3553 1)
348 3480 511 3565 ἀκραιφνὴς
533 3485 556 3551 Ι,
576 3483 618 3549 19,
647 3485 669 3549 Ι,
688 3483 737 3552 52;
766 3479 902 3564 ἀνακωχή
923 3484 946 3544 1.
965 3482 1008 3549 40,
1036 3485 1059 3550 Ι,
1078 3481 1129 3551 66;
1156 3481 1272 3560 κωλύμη
1295 3484 1318 3550 Ι,
1336 3484 1388 3553 92;

216 3575 367 3644 δικαίωσις
384 3575 407 3639 1,
427 3573 492 3642 14¹3
511 3569 644 3651 περιωπή
661 3573 699 3639 ΙΙ,
718 3571 769 3642 35;
789 3569 924 3653 ἀχθηδών
942 3572 980 3637 ΙΙ,
999 3571 1042 3626 37.
1074 3572 1129 3626 Pro
1147 3569 1296 3653 καταβολή
1314 3573 1386 3640 quod

216 3662 328 3718 verbum
347 3661 456 3731 poetico
473 3678 547 3717 more
566 3663 637 3731 apud
650 3661 839 3729 Thucydidem
851 3666 1012 3730 usurpatum
1029 3675 1083 3714 non
1094 3660 1234 3716 invenitur
1245 3661 1388 3730 proposuit

217 3750 292 3820 Sylb.
312 3746 443 3831 καταβοή
461 3751 484 3815 Ι,
502 3751 549 3821 73;
568 3750 712 3807 verborum
730 3745 934 3830 περιλογισμός
950 3749 995 3803 vel
1013 3746 1195 3830 ἐπιλογισμός
1212 3756 1340 3805 neutrum
1356 3749 1388 3804 in

216 3839 319 3894 nostris
337 3839 432 3895 histor.
452 3839 574 3909 Thucyd.
593 3839 795 3908 exemptaribus
813 3837 961 3894 invenitur.

305 3925 327 3996 2)
346 3928 402 3983 (lic.
422 3934 491 3983 orat.
510 3925 527 3996 ξ
545 3927 592 3982 3οε
607 3929 677 3984 Ecce
696 3934 791 3983 autern
803 3925 888 3993 aliqui
900 3941 928 3979 se
941 3925 1129 3994 Thucydidem
1142 3942 1201 3982 ease
1212 3927 1385 3995 profitentur,

212 4033 312 4073 novum
338 4018 473 4087 quoddam
497 4023 526 4072 et
549 4017 703 4073 inauditum
728 4020 824 4086 genus.
847 4021 876 4070 et
899 4032 925 4082 q.
949 4031 971 4069 a.
1000 4014 1035 4070 ib.
1062 4013 1078 4084 ξ
1102 4014 1150 4071 32;
1179 4016 1270 4070 Huius
1293 4020 1386 4069 temen

212 4121 290 4161 nemo
308 4122 395 4174 neque
411 4105 554 4162 verborum
578 4121 665 4173 neque
689 4105 887 4160 sententiarum
911 4104 1079 4173 graivtatem
1100 4104 1233 4168 imitatur,
1259 4103 1306 4157 sed
1324 4119 1385 4157 cum

213 4195 314 4250 mutila
341 4197 472 4263 quaedam
499 4201 528 4250 et
552 4194 660 4250 hiantia
677 4193 764 4249 locuti
788 4198 861 4258 sunt,
886 4209 954 4261 quae
976 4193 1021 4248 vel
1049 4193 1108 4247 sine
1135 4191 1268 4260 magistro
1293 4193 1384 4246 facere

212 4288 369 4353 potnerunt,
398 4299 542 4352 germanos
564 4300 593 4339 ee
617 4288 718 4352 putant
746 4298 805 4338 esse
830 4281 1012 4350 Thucydidas.
1043 4280 1079 4334 ef.
1106 4277 1122 4348 ξ
1148 4278 1208 4334 171.
1243 4279 1325 4336 Dion.
1352 4279 1386 4334 de

212 4370 298 4426 Thus.
318 4386 340 4426 c.
360 4370 385 4423 1.
403 4388 429 4440 p.
448 4371 509 4427 811.

1167 4456 1185 4508 4
