3092 4692
785 225 829 291 25

219 424 516 510 con11nunicabat‚1)
548 424 685 505 denique
711 426 746 490 in
769 422 1031 490 consuetudinem
1063 428 1097 489 et
1120 421 1296 489 amicitiam
1321 424 1390 489 eius

217 531 376 616 pervenit.

325 637 483 721 Quoniam
508 656 548 702 ex
563 636 666 719 ipsius
681 635 834 719 Dionysii
858 636 955 702 claris
971 638 1081 703 verbis
1098 636 1179 702 satis
1195 635 1392 717 perspicitur
1475 692 1477 695 ,

218 765 283 813 non
306 747 437 812 nouisse
460 762 530 810 eum
564 764 636 810 oum
659 742 795 809 aliorum
827 747 894 808 tum
918 742 1054 809 Caecilii
1078 741 1203 825 studia,
1237 763 1319 824 quae
1350 744 1392 808 ad

219 852 348 919 Atticos
372 856 518 917 oratores
542 855 738 933 spectarent,
762 851 827 916 iam
852 849 985 916 Caecilii
1009 850 1049 916 de
1073 849 1182 915 decem
1207 850 1392 916 oratoribus

219 959 296 1027 libri
331 959 517 1041 fragmenta
554 956 695 1023 intuenti
734 975 819 1024 nova
858 958 1017 1038 quaedam
1051 958 1272 1040 apparebunt,
1312 974 1393 1037 quae

219 1068 390 1151 ignorasse
425 1063 615 1149 Dionysium
649 1064 769 1144 optime
800 1063 957 1145 explicari
991 1069 1117 1146 potest,
1154 1061 1182 1129 si
1217 1062 1392 1130 Caecilium

220 1173 375 1239 minorem
399 1167 478 1238 natu
493 1170 651 1254 Dionysio
667 1170 768 1237 fuisse
792 1189 974 1237 censemus:
1000 1189 1081 1252 quae
1104 1170 1287 1252 neglexisse
1311 1188 1391 1251 enm,

215 1280 249 1348 si
271 1280 337 1347 iarn
360 1281 555 1362 pervulgata
582 1283 692 1345 essent
716 1277 856 1345 Caecilio
884 1283 960 1343 ante
983 1276 1175 1360 Dionysium
1200 1278 1394 1342 auctoritate

219 1386 370 1470 florente,
402 1406 557 1453 summam
589 1391 678 1452 certe
708 1390 854 1452 moveret
884 1384 1101 1451 offensionem.
1159 1384 1207 1449 Ac
1245 1401 1286 1447 ne
1322 1382 1394 1463 quis

220 1493 351 1560 nimiam
375 1513 426 1560 me
441 1493 536 1558 fidem
553 1493 672 1559 habere
688 1492 868 1558 arbitretur
883 1490 1086 1574 argumentis
1101 1508 1252 1573 magnam
1268 1495 1393 1570 partem

221 1619 262 1666 ex
279 1599 408 1666 silentio
425 1597 577 1682 Dionysii
590 1598 802 1681 depromptis
820 1617 947 1680 semper
969 1599 1066 1663 ineis
1082 1616 1220 1679 quoque,
1245 1615 1329 1677 quae
1345 1615 1393 1662 se-

222 1712 372 1788 quuntur,
389 1704 472 1771 illud
488 1710 606 1788 teneto,
623 1705 709 1785 quod
726 1723 826 1787 supra
846 1704 1043 1771 monuimus:
1068 1710 1299 1770 commoratum
1323 1721 1394 1769 esse

221 1813 256 1879 in
289 1813 401 1879 eadem
432 1814 527 1895 urbe,
560 1816 724 1878 versatum
754 1813 789 1878 in
821 1811 944 1878 eisdem
981 1810 1101 1877 studiis
1132 1809 1323 1892 Dionysium
1356 1829 1395 1874 ao

222 1919 413 2002 Caecilium,
463 1918 599 2000 denique
643 1918 826 1984 malevolae
867 1917 1060 1986 reticentiae
1105 1917 1225 1983 nullam
1264 1908 1394 1983 exstare

222 2025 448 2109 suspicionem.

327 2135 402 2201 Jam
441 2152 520 2201 uero
558 2138 595 2198 ut
632 2133 667 2198 in
705 2133 891 2199 universum
926 2132 967 2198 de
1004 2129 1162 2197 materiae
1200 2135 1234 2196 et
1271 2130 1395 2195 ambitu

223 2247 257 2307 et
287 2239 517 2323 dispositione,
551 2241 656 2321 qualis
684 2238 719 2304 in
748 2238 916 2319 utriusque
946 2237 1115 2319 scriptoris
1139 2255 1236 2319 opere
1260 2238 1395 2318 eluceat,

222 2365 328 2429 pauca
352 2347 563 2429 disseramus,
596 2347 756 2411 neminem
789 2343 875 2428 fugit
897 2343 1071 2411 Caecilium
1099 2343 1265 2410 tractandi
1294 2342 1395 2408 multo

223 2453 287 2519 sibi
310 2453 443 2519 latiores
474 2452 556 2518 fines
587 2450 806 2533 terminosque
834 2450 1043 2518 constituisse
1076 2469 1170 2531 quam
1193 2449 1396 2533 Dionysium.

222 2559 287 2626 Hic
310 2566 428 2642 autem,
454 2558 530 2640 quid
555 2558 619 2625 sibi
641 2557 856 2642 proposuerit,
889 2576 1064 2641 cognosces
1089 2575 1129 2621 ex
1152 2555 1255 2638 ipsius
1278 2554 1396 2623 uerbis.

223 2666 278 2750 (de
315 2672 383 2735 ant.
423 2684 484 2731 orr.
524 2685 551 2730 c.
586 2664 616 2731 4.
646 2685 722 2749 pag.
759 2663 826 2730 450
859 2667 930 2749 Rp:
963 2673 1038 2736 ,τῶν
1071 2663 1103 2724 δὲ
1130 2660 1258 2743 ῥητόρων
1284 2685 1315 2722 τι
1348 2665 1396 2722 καὶ

223 2777 419 2854 συγγραφέων,
444 2771 515 2852 ὑπὲρ
539 2767 607 2833 ὦνὸ
630 2769 721 2853 λόγος,
737 2773 849 2833 πολλῶν
865 2768 941 2832 πάνυ
963 2767 1110 2833 ὅντωνκαὶ
1134 2770 1263 2850 ἀγαθῶν,
1286 2765 1320 2829 τὸ
1343 2770 1396 2845 μὲν

222 2879 294 2959 ὑπὲρ
318 2876 455 2940 ἁπάντων
477 2874 598 2960 γράφειν
619 2887 733 2958 μακροῦ
746 2876 841 2959 ,λόγον
864 2875 1011 2956 ὃίόμινον
1041 2876 1113 2957 ὁρῶν
1145 2873 1232 2937 ἐάσω.
1277 2871 1344 2944 τοὺς
1366 2875 1397 2935 δὲ

222 2983 430 3068 χαριεστάτους
458 2984 489 3059 ἐξ
504 2985 597 3048 αὐτῶν
620 2983 877 3068 προχειρισάμενος
913 2982 989 3046 κατά
1018 2981 1072 3054 τάς
1102 2983 1214 3061 ἡλικίας
1248 2986 1303 3062 ἐρῶ
1332 2983 1397 3060 περὶ

224 3090 355 3164 ἑκάστου,
397 3104 446 3154 νῦν
475 3095 527 3172 μὲν
557 3096 622 3172 περὶ
654 3102 709 3154 τῶν
741 3090 877 3173 ῥητόρων,
916 3090 966 3154 ἐάν
1003 3091 1030 3152 δ’
1032 3097 1139 3172 ἐγχωρῇ
1169 3092 1218 3149 καὶ
1248 3091 1314 3167 περὶ
1344 3095 1399 3149 τῶν

223 3205 379 3279 ἱστορικῶν.
425 3197 540 3260 ἔσονται
555 3200 586 3260 δὲ
610 3199 711 3277 οἱμὲν
733 3196 1028 3280 παραλαμβανόμενοι
1043 3194 1161 3277 ῥήτορες
1182 3203 1258 3276 τρεῖς
1288 3199 1319 3255 ἐκ
1346 3203 1400 3257 τῶν

223 3303 436 3387 πρεσβυτέρων,
450 3309 572 3377 Λυσίας,
587 3302 764 3386 Ἰσοκράτης,
778 3306 895 3376 Ἰσαῖος.
928 3317 1005 3385 τρεῖς
1019 3303 1079 3365 δ’ἐκ
1093 3313 1148 3366 τῶν
1168 3298 1399 3380 ἐπακμασάντων

223 3410 343 3485 τούτοις,
355 3410 556 3492 Δημοσθένης,
568 3412 747 3493 Ὑπερείδης,
764 3413 913 3493 Αἰσχίνης,
938 3409 987 3484 οὓς
1002 3409 1055 3494 ἐγὼ
1069 3411 1189 3491 ἡγοῦμαι
1201 3413 1399 3488 κρατίστοις.“

211 3513 394 3587 'Deiectum
416 3517 518 3602 igitur
540 3517 657 3585 habuit
679 3522 928 3600 sarmatorum,
953 3519 1071 3600 quibus
1094 3515 1306 3599 pertractatis
1329 3535 1399 3597 sep·

167 3712 168 3716 Ἰ
223 3627 337 3691 timum
361 3629 475 3707 postea
495 3624 646 3692 adiunxit
660 3626 878 3708 Dinarchum3
895 3624 1057 3691 Caecilius
1073 3627 1181 3689 autem
1198 3642 1271 3688 cum
1287 3622 1398 3687 decem

225 3732 286 3800 sibi
310 3737 505 3816 proponeret
527 3739 675 3800 oratores
691 3732 902 3816 enarrandos,
927 3731 1063 3814 primus,
1086 3734 1241 3811 quantum
1265 3730 1397 3812 scimus,

225 3840 488 3907 commemoravit
541 3839 691 3906 decadem
746 3839 836 3906 illam
888 3842 1053 3905 oratorum
1099 3858 1118 3904 a
1163 3835 1399 3919 posterioribus

334 4018 355 4088 ¹)
365 4018 521 4076 Verisimile
533 4017 599 4073 mihi
610 4017 717 4086 quidem
725 4033 783 4073 esse
792 4017 904 4073 videtur
912 4015 1023 4071 Caecilii
1034 4015 1164 4072 iudicium
1175 4017 1207 4070 de
1217 4012 1399 4068 Demosthene

225 4125 280 4165 non
298 4113 356 4164 tam
374 4125 388 4164 e
406 4108 476 4164 libro
495 4108 611 4175 quodam
631 4106 744 4162 Caecilii
767 4108 822 4161 iam
845 4105 919 4161 edito
937 4106 1100 4162 exhaustum
1119 4120 1199 4173 qnam
1217 4103 1247 4156 in
1265 4101 1399 4168 colloquio

225 4198 401 4255 familiariter
432 4196 525 4252 habito
553 4197 691 4266 prolatum
718 4196 762 4250 vel
791 4201 958 4264 compertum
991 4211 1007 4250 e
1033 4193 1195 4250 recitatione
1225 4207 1242 4244 a
1267 4189 1399 4257 Dionysio

226 4288 363 4344 traditum
384 4301 443 4342 esse
462 4286 550 4341 amico
569 4287 618 4341 Cn.
636 4283 773 4354 Pompeio,
798 4285 842 4339 cni
860 4285 953 4354 procul
979 4282 1060 4338 dubio
1079 4279 1214 4335 Caecilius
1231 4285 1314 4334 notus
1331 4285 1399 4332 erat.
