3092 4692
778 232 817 297 17

210 431 388 498 vimumbus
411 426 606 508 scriptorum
631 426 771 494 maxime
795 433 905 495 essent
926 425 1045 494 intenti
1054 428 1077 513 ¹)
1093 430 1285 510 multosque,
1311 448 1384 495 cum

209 555 267 604 suo
302 535 440 618 quisque
475 534 627 614 scriptori
663 550 789 598 omnem
824 551 956 615 operam
991 543 1144 613 navaret,
1181 534 1222 600 ad
1256 534 1384 601 futtiles

209 644 417 723 quaestiones
439 643 472 705 et
495 636 734 721 controversias
767 640 862 720 quasi
894 643 1022 704 secutos
1053 643 1175 706 sectam
1208 640 1385 722 perductos

166 816 169 820 ,
209 769 281 816 esse
304 748 349 814 sit
372 743 660 830 consentaneume)
706 745 885 827 Dionysius
916 748 1022 810 autem
1054 747 1193 831 primns,
1227 751 1383 827 quantum

208 856 366 937 videmus,
392 874 463 920 eam
486 854 572 920 viam
596 851 765 936 ingressus
781 858 842 935 est,
866 860 903 919 ut
923 871 1008 934 quae
1024 853 1173 936 singulae
1189 855 1229 920 de
1245 851 1384 937 singulis

209 960 423 1043 scriptoribus
446 958 639 1025 ferebantur
662 958 844 1026 sententias
867 978 932 1025 non
960 959 1055 1024 unius
1081 958 1251 1041 scriptoris
1273 978 1384 1026 amore

210 1066 410 1152 devinctum)
435 1084 506 1131 cum
531 1065 689 1130 modestia
713 1068 747 1129 et
770 1063 955 1130 eruditione
969 1062 1089 1130 iudicio
1102 1083 1160 1130 suo
1177 1065 1383 1149 submittens

210 1175 296 1255 qued
320 1173 354 1239 in
377 1191 441 1239 uno
465 1189 593 1252 quoque
617 1169 772 1251 optimum
798 1175 831 1235 et
853 1171 1038 1235 imitatione
1061 1169 1286 1251 dignissimum
1311 1191 1383 1239 esse

211 1281 391 1362 videretur,
416 1279 538 1344 acriter
566 1276 781 1358 perpenderet
812 1283 846 1342 et
869 1283 1022 1357 tanquam
1047 1294 1202 1342 canonem
1233 1278 1384 1345 imitandi

211 1385 441 1452 constitueret:
475 1403 558 1465 quae
589 1383 698 1449 studia
729 1383 827 1449 etiam
861 1388 932 1449 arte
963 1383 1078 1450 critica
1109 1383 1290 1450 adiuvabat
1324 1386 1384 1451 tali

210 1493 313 1574 mode,
338 1498 376 1558 ut
399 1496 563 1572 comperto
587 1508 707 1571 genere
731 1495 765 1555 et
787 1490 916 1556 ratione
939 1491 1100 1556 scribendi
1126 1487 1383 1570 uniuscuiusque

210 1596 380 1677 scriptoris
425 1614 510 1677 quae
544 1595 687 1677 genuina
729 1597 878 1676 putanda
913 1601 1023 1661 essent
1072 1615 1171 1678 opera
1206 1596 1385 1681 diligenter

210 1704 421 1784 perquireret.

318 1807 387 1891 Quo
399 1808 433 1874 in
447 1828 543 1891 opere
552 1808 760 1891 suscipiendo
773 1827 844 1874 cum
854 1815 986 1891 praeter
996 1827 1150 1875 summam
1165 1807 1382 1876 eruditionem

210 1934 290 1998 opus
325 1922 412 1983 esset
443 1934 549 1983 rerum
573 1917 810 1982 rhetoricarum
841 1920 996 1982 accurata
1019 1915 1173 1999 cognitio,
1204 1918 1382 1999 Dionysius

209 2023 347 2090 maxime
364 2023 545 2089 laudandus
562 2028 623 2107 est,
640 2024 724 2103 quod
740 2021 823 2088 nihil
839 2026 977 2090 curabat
992 2022 1075 2089 artis
1091 2022 1180 2089 illius
1195 2030 1380 2109 praecepta,

210 2148 294 2213 quae
320 2132 382 2212 „ab
406 2130 567 2196 hominum
599 2123 727 2209 forique
751 2129 891 2211 strepitu
922 2136 1047 2195 remota
1078 2129 1111 2194 in
1135 2129 1382 2211 spatiosissimis

211 2235 402 2319 regionibus
444 2237 495 2302 sui
533 2234 660 2318 imperii
696 2235 879 2302 solitariam
914 2237 1016 2302 uitam
1057 2235 1127 2319 egit
1161 2245 1194 2302 et
1228 2257 1248 2302 a
1282 2240 1383 2304 rebus

211 2343 355 2411 externis
371 2344 460 2412 nulle
477 2345 571 2410 modo
587 2343 745 2426 impedita
761 2343 867 2426 magis
883 2343 1051 2428 magisque
1067 2343 1254 2426 exspatiata
1269 2345 1382 2430 estre)

209 2452 350 2516 Frustra
373 2452 458 2517 enim
475 2469 614 2531 quaeras
638 2450 672 2514 iu
692 2449 846 2533 Dionysii
869 2449 1002 2532 scriptis
1017 2469 1123 2530 neque
1145 2451 1179 2515 in
1196 2452 1382 2517 aestlreticis

210 2558 334 2641 solum,
360 2556 532 2623 sedetiam
559 2557 592 2622 in
617 2557 675 2640 eis,
701 2575 785 2636 quae
801 2559 940 2623 maxime
964 2558 1103 2637 speciem
1126 2560 1222 2636 τέχνης
1244 2577 1324 2639 prae
1347 2577 1383 2625 se

209 2662 359 2749 seranus)
377 2668 518 2730 statuum
538 2661 812 2730 enumerationem
828 2665 883 2729 uel
899 2661 1140 2745 epichirematis
1163 2669 1196 2729 et
1212 2665 1380 2746 enthyme-

206 2842 366 2910 Apollodori
386 2841 556 2910 disciplinam
566 2841 662 2896 referri
673 2858 780 2896 necesse
789 2846 846 2895 est:
866 2841 932 2909 quid
942 2840 1064 2910 impedit,
1085 2859 1138 2910 quo
1148 2843 1238 2897 minus
1248 2842 1378 2911 illosque·

207 2945 259 2999 que
278 2931 350 2986 sicut
373 2931 520 2986 Caecilium
548 2932 582 2984 sd
602 2931 698 2985 Attica
723 2931 816 2987 studia
843 2946 872 2984 se
891 2930 1038 2985 contulisse
1066 2937 1191 2999 putemus
1220 2931 1381 2998 Apollodori

205 3019 305 3075 scholis
321 3020 495 3089 perfunctos?

313 3106 334 3177 ¹)
352 3125 379 3164 v.
398 3126 461 3178 pag.
482 3107 515 3162 15
533 3116 591 3163 not.
609 3107 634 3160 3.

314 3194 337 3263 ²)
357 3198 391 3253 ci.
411 3198 490 3254 Dion.
512 3197 592 3266 epist.
612 3199 647 3251 ad
667 3201 756 3253 Arum.
771 3202 793 3253 I.
814 3216 873 3268 cap.
894 3198 918 3250 1.
937 3215 963 3266 p.
984 3196 1035 3251 719
1063 3198 1176 3259 πολλῶν
1202 3197 1255 3275 μὲν
1285 3195 1380 3260 ἄλλων

206 3284 292 3358 ξένων
332 3308 363 3346 τε
404 3289 453 3347 καὶ
477 3282 668 3365 παραδόξων
710 3285 903 3366 ἀκουσμάτων
934 3281 973 3347 ὧν
1011 3283 1139 3366 ἐνήνοχεν
1176 3287 1193 3348 ὁ
1234 3286 1383 3366 καθ’ήμᾶς

205 3372 306 3457 χρόνος
329 3399 354 3435 κ.
377 3397 402 3435 τ.
426 3377 451 3435 λ.

315 3480 340 3541 81
360 3484 394 3539 cf.
414 3483 458 3538 W.
479 3483 596 3548 Schmid
615 3482 778 3538 Atticismus
796 3500 823 3552 p.
842 3481 877 3534 22
896 3500 935 3552 sq.

316 3569 340 3638 ⁴)
359 3572 467 3628 Piderit
484 3573 504 3627 1.
522 3573 540 3627 l.
560 3588 622 3642 pag.
641 3571 684 3628 38.

314 3658 337 3727 ⁵)
357 3660 467 3727 „Artis‘
494 3677 565 3729 quae
589 3662 678 3716 fertur
702 3661 829 3729 Dionysii
855 3677 889 3716 ex
918 3660 1056 3716 homiuum
1083 3662 1223 3718 doctorum
1250 3678 1382 3719 consensu

206 3748 296 3817 capita
314 3749 422 3808 I-VII
445 3751 539 3818 spuria
562 3750 711 3819 besentun
737 3751 926 3807 controversia
951 3756 1042 3804 exstat
1066 3751 1100 3805 de
1124 3767 1198 3820 capp.
1225 3752 1312 3814 VIII,
1332 3752 1381 3815 IX,

205 3853 275 3904 quse
293 3854 311 3892 a
328 3838 519 3895 Weissmanno
545 3845 573 3893 et
597 3839 706 3895 Blaesio
725 3840 858 3908 Dionysio
883 3838 1089 3906 abiudicsntur‚
1112 3840 1292 3896 aRoesslero
1312 3838 1379 3904 (1.1.

205 3941 269 3996 pag.
297 3925 340 3995 10)
360 3927 432 3983 inter
458 3929 578 3997 genuina
601 3928 706 3998 scripta
732 3928 851 3985 rhetoris
873 3927 1039 3983 referuntur.
1078 3930 1163 3996 Quam
1189 3930 1224 3985 sd
1242 3927 1381 3984 Roessleri

205 4015 370 4071 sententiam
382 4018 510 4072 accedere
528 4033 582 4073 nen
596 4014 699 4083 dubito,
719 4034 882 4086 quamquam
896 4032 997 4086 negare
1007 4035 1062 4074 non
1073 4034 1182 4090 possum
1202 4017 1232 4070 in
1244 4013 1381 4083 capitibus

203 4103 266 4158 illis
287 4106 320 4160 de
339 4105 458 4176 figurato
477 4122 598 4163 sermone
616 4105 786 4174 maximeque
809 4107 837 4160 in
857 4105 986 4176 exemplis
1005 4107 1157 4164 Homericis
1176 4106 1276 4161 multas
1293 4104 1381 4160 inesse

205 4193 415 4262 perversitates,
440 4211 508 4266 quae
526 4195 643 4253 doceant
662 4211 693 4250 eo
712 4201 842 4265 tempore,
862 4213 915 4265 quo
935 4196 1047 4266 scripsit
1072 4198 1144 4261 illos,
1164 4193 1327 4262 Dionysium
1345 4195 1381 4249 ad

204 4282 300 4338 indicii
320 4285 505 4342 maturitatem
531 4285 651 4342 nondum
675 4285 841 4353 peruenisse.
878 4286 1050 4341 Pacullarem
1077 4291 1164 4339 artem
1183 4283 1216 4338 D.
1240 4281 1381 4353 scripsisse

1164 4371 1182 4427 2
