3092 4692
732 263 776 328 38

167 462 330 544 publicum
355 474 427 528 esse
450 462 579 543 prolata
601 459 782 540 nequedum
804 461 910 540 ipsum
934 456 1107 524 Caecilium
1129 455 1164 522 in
1186 454 1337 537 Dionysii

167 565 425 634 familiaritatem
448 585 519 634 esse
542 569 719 646 receptum.

274 674 446 755 Dioysium
469 673 571 755 igitur
587 671 738 753 quoniam
760 690 865 751 neque
888 673 922 736 in
945 669 1167 754 biographieis
1188 688 1289 749 neque
1305 668 1339 733 in

175 779 299 845 criticis
333 780 431 846 rebus
465 776 600 845 Caecilii
634 777 815 844 studiorum
854 776 954 842 ullam
992 778 1151 842 rationem
1189 774 1341 841 habuisse

170 885 481 967 demonstravimus,
513 884 579 949 iam
602 888 811 950 contueamur
834 883 972 949 alterum
995 880 1217 948 testimonium
1242 887 1339 962 atque

168 989 201 1054 id
218 991 364 1075 gravius,
382 991 500 1073 quippe
513 1010 553 1057 ex
566 1009 627 1070 quo
640 988 815 1056 Caecilium
832 986 1013 1071 Dionysii
1030 987 1141 1054 studia
1153 989 1339 1068 respexisse

169 1093 250 1160 satis
284 1095 362 1161 mihi
394 1097 523 1162 elucere
553 1096 710 1162 videatur.
765 1094 954 1159 Traduntur
984 1093 1070 1159 enim
1102 1112 1122 1157 a
1152 1093 1338 1159 schoelasta

169 1201 350 1267 orationum
395 1200 626 1268 Demosthenis
675 1201 757 1266 haec
812 1200 854 1264 ad
902 1196 1112 1280 Olyntbicam
1158 1198 1338 1265 orationem

169 1306 344 1372 secundam
411 1306 529 1392 (Schol.
592 1305 641 1372 ed.
699 1305 801 1371 Dind.
866 1304 968 1370 Oxon.
1038 1302 1123 1368 1851
1194 1322 1224 1386 p,
1287 1305 1339 1369 71.

169 1414 311 1480 Burohh.
357 1413 421 1497 frg.
465 1412 558 1499 I7d·):
608 1422 709 1474 τοῦτον
753 1410 905 1481 Διονύσιος
951 1408 1106 1489 προτάττει
1151 1421 1207 1473 τῶν
1249 1411 1340 1472 Ὀλυν-

169 1528 282 1581 θιακῶν
313 1515 509 1600 ἄρχονταςτί
535 1542 616 1591 τινας
638 1521 802 1599 καταλέγων
835 1521 884 1577 καὶ
915 1523 946 1578 ἐκ
969 1527 1020 1579 τοῦ
1051 1521 1203 1598 προοιμίου
1225 1515 1338 1578 πιοτοελ

169 1649 253 1702 μενος
275 1631 306 1685 ἐκ
322 1629 506 1707 περιχαρείας
525 1628 695 1705 ληφθέντος.
741 1625 895 1693 Καικιλιος
918 1624 948 1684 di
973 1623 1109 1704 ἀντιλέγει
1125 1633 1240 1703 πρῶτον
1255 1621 1339 1695 ἀξιῶν

169 1728 219 1793 τὸν
241 1740 353 1810 operor
375 1729 566 1810 νομιζόμενον.
612 1733 824 1814 impugnavit
850 1749 929 1811 ergo
954 1728 1114 1796 Caecilius
1145 1731 1340 1795 sententiam

170 1836 334 1919 Dionysii:
351 1843 386 1905 at
406 1842 521 1905 contra
537 1837 665 1905 dicendi
681 1839 711 1904 ei
726 1844 793 1902 tum
810 1837 937 1902 demum
954 1835 1154 1902 occasionem
1167 1855 1238 1901 esse
1250 1836 1340 1900 obla·

171 1953 248 2030 tam,
269 1948 387 2013 cumin
399 1945 504 2011 medio
516 1946 679 2026 posuisset
691 1944 870 2025 Dionysius
891 1942 1074 2024 opinionem
1093 1943 1253 2024 evulgari
1267 1961 1338 2007 ora·

171 2053 295 2118 tionum
307 2071 440 2118 recensu
452 2052 688 2134 abhorrentem,
701 2070 759 2132 per
775 2068 811 2115 se
822 2055 923 2130 patet,
962 2050 1070 2129 Atque
1082 2046 1199 2115 mutati
1211 2046 1340 2129 quidem

172 2158 295 2224 ordinis
317 2159 454 2238 primam
477 2157 670 2239 aDionysio
694 2157 890 2222 mentionem
913 2155 1036 2221 iactum
1061 2173 1133 2220 esse
1155 2153 1338 2220 invenimus

171 2265 205 2329 in
229 2262 389 2345 epistulae
423 2265 465 2330 ad
488 2264 591 2330 Amm.
621 2265 648 2329 l.
673 2282 742 2344 cap.
768 2260 828 2348 4.¹)
873 2263 987 2342 Neque
1015 2280 1092 2329 vero
1124 2279 1242 2326 causas
1273 2261 1335 2325 hoc

173 2371 244 2436 loco
273 2369 441 2455 apposuit,
477 2371 593 2450 quibus
627 2370 669 2435 ad
704 2370 848 2436 ordinem
884 2366 1146 2434 commutandum
1180 2367 1340 2432 adductus

173 2483 275 2558 esset3
301 2477 359 2543 sed
383 2496 477 2557 quam
500 2475 706 2558 paucissimis
729 2477 837 2542 verbis
861 2480 961 2555 atque
984 2476 1033 2540 ita
1056 2474 1096 2540 de
1119 2474 1179 2539 heo
1202 2493 1237 2538 re
1261 2471 1338 2554 egit,

174 2588 210 2648 ut
241 2601 358 2648 causas
388 2582 462 2649 illas
489 2581 655 2664 discipulis
686 2587 719 2647 ct
749 2580 966 2647 familiaribus
997 2579 1066 2646 suis
1097 2579 1162 2644 iam
1196 2579 1338 2645 traditas

174 2687 385 2771 cognitusque
407 2688 511 2756 fuisse
533 2689 629 2755 facile
652 2688 873 2769 intellegatur.
921 2685 997 2752 Jam
1014 2706 1092 2753 vero
1115 2686 1191 2751 inde
1215 2685 1255 2749 ab
1279 2684 1340 2748 hoc

173 2800 318 2876 tempore
340 2795 473 2861 immota
495 2797 590 2862 stetit
613 2802 712 2877 atque
734 2796 930 2876 intemptata
946 2790 1099 2874 Dionysii
1121 2790 1287 2858 sententia
1308 2794 1341 2856 et

173 2906 307 2983 accepta
322 2900 423 2967 fuisse
438 2901 569 2967 videtur
583 2921 641 2982 per
657 2920 750 2967 omne
766 2905 893 2981 tempus
909 2899 1122 2980 quodcunque
1138 2897 1341 2978 consumpsit

173 3006 207 3073 in
230 2997 410 3074 scribendis
434 3006 673 3073 commentariis
698 3007 737 3072 de
760 3005 873 3090 Lysia,
906 3005 946 3070 de
970 3006 1128 3088 Isocrate,
1161 3003 1201 3070 de
1223 3005 1340 3069 Demo-

175 3113 299 3180 sthenis
334 3116 368 3181 vi
403 3113 547 3194 dicendi3
579 3115 696 3180 iterum
726 3112 842 3179 deinde
873 3117 972 3192 atque
1007 3108 1112 3177 fusius
1146 3108 1341 3176 sententiam

175 3237 266 3284 suam
289 3220 458 3302 proposuit
479 3221 513 3286 iu
535 3218 693 3302 peculiari
715 3219 800 3285 libro
825 3220 865 3284 de
888 3216 1116 3285 Demosthenis
1139 3217 1342 3282 orationibus

175 3324 324 3404 genuinis
359 3329 393 3392 et
429 3326 550 3407 spuriis
582 3326 806 3411 conscriptos)
853 3325 961 3405 Atque
992 3331 1066 3405 post
1096 3326 1183 3389 hunc
1213 3321 1341 3387 demum

283 3466 305 3533 ¹)
333 3468 396 3529 Ἐπὶ
425 3469 456 3529 δὲ
479 3464 736 3548 Καλλιμάχου-
757 3479 835 3546 τρεῖς
864 3469 979 3526 διέθετο
1007 3460 1219 3543 δημηγορικοὺς,
1247 3484 1341 3541 παρα-

177 3554 268 3615 καλῶν
284 3555 456 3633 Ἀθηναίους
485 3553 626 3637 βοήθειαν
646 3555 807 3626 Ὀλυνθίοις
830 3555 1004 3616 ἀποστεῖλαι
1026 3591 1071 3600 -
1093 3560 1206 3631 πρῶτον
1234 3551 1287 3628 μὲν
1309 3546 1343 3610 οὗ

178 3649 255 3704 ἐστιν
278 3641 367 3724 ἀρχῆς
397 3645 479 3717 ,,Ἑπὶ
502 3647 612 3709 πολλῶν
634 3644 685 3723 μὲν
716 3649 785 3704 ἰδεῖν
807 3640 843 3705 oio
857 3666 909 3715 τις,
933 3637 1071 3721 adrepet
1079 3641 1241 3719 Ἀθηναῖοι,
1265 3644 1347 3699 δοκεῖ

177 3743 253 3811 μοι.“
277 3729 408 3812 δεύτερον
430 3737 476 3800 di:
500 3735 593 3816 „dei
615 3730 708 3795 ταύτὰ
723 3735 906 3811 παρίσταταί
925 3754 974 3810 μοι
989 3728 1158 3811 γιγνώσκειν,
1181 3724 1210 3790 da
1234 3723 1262 3788 d.
1279 3727 1342 3791 'Af‘

177 3822 271 3900 τρίτον
293 3822 341 3888 di:
365 3821 459 3892 ,,Άντλ
481 3825 590 3886 πολλῶν
612 3820 656 3895 ἂν,
680 3816 708 3882 ολ
731 3816 759 3882 ολ.
776 3821 828 3894 Ά.,
851 3816 1030 3902 γρημολτονν.“

285 3927 309 3994 ²)
327 3927 415 3982 Blass.
435 3930 467 3983 de
485 3928 806 4000 script.rhett.pag.14.
843 3928 968 3984 Boessler
986 3928 1036 3982 1.1.
1055 3944 1080 3996 p.
1095 3924 1129 3978 18
1147 3941 1173 3979 n.
1188 3921 1211 3976 1.
1229 3923 1343 3978 Librum

179 4021 212 4075 de
242 4014 382 4077 Demosth.
414 4015 582 4075 orationihus
619 4017 745 4086 genuinis
782 4023 811 4072 et
839 4016 919 4071 falsis
956 4015 1133 4084 compositum
1169 4012 1344 4068 scholiastam

179 4107 330 4177 inspexisse
348 4103 411 4158 inde
422 4105 508 4170 patet,
528 4107 599 4170 quod
617 4106 779 4174 Dionysium
797 4104 867 4160 dicit
878 4104 1012 4158 iudicasse
1037 4097 1197 4183 „o'lpyoordc
1218 4104 1251 4161 τέ
1264 4121 1345 4169 τινας

180 4197 372 4276 καταλέγοντα
411 4190 460 4248 καλ
503 4191 534 4245 ἐκ
574 4200 625 4251 τοῦ
665 4196 817 4272 προοιμίου
853 4188 1042 4268 πιοτονλμενον
1085 4196 1117 4251 ἐκ
1158 4192 1344 4270 περιχαρείας

180 4285 349 4362 ληφθέντος,
392 4278 510 4346 Quorum
538 4286 758 4342 argumentorum
788 4281 817 4335 in
846 4280 897 4344 cis,
932 4295 1002 4347 quae
1028 4280 1106 4336 nobis
1133 4283 1244 4335 serrata
1271 4283 1344 4342 sunt,

179 4374 308 4443 Dionysii
326 4365 436 4438 scriptis
454 4361 672 4418 Demosthenicis
689 4368 765 4421 nulle
783 4366 970 4423 inveniuntur.
