3092 4692
775 298 818 362 51

688 391 902 399 σ-ξ--α

315 490 448 558 Caecilii
470 490 574 574 igitur
604 493 787 560 studiorum
809 494 966 576 reliquias
994 499 1205 581 contemplati
1230 501 1382 583 quoniam

206 594 251 660 ad
274 597 410 663 eandem
425 598 515 663 illam
538 602 734 666 seutentiam
752 619 879 683 semper
901 603 1094 688 reducimur,
1119 625 1185 687 qua
1201 607 1380 675 Caecilium

208 701 367 784 Dionysio
391 710 501 770 aetate
516 704 672 771 minorem
696 705 800 772 inisse
814 707 965 790 diximus,
990 729 1055 777 non
1077 711 1143 778 iam
1159 713 1380 781 dubitabimus

206 807 328 873 exculti
350 814 383 874 et
405 809 543 890 perfecti
566 811 734 878 Atticismi
763 814 905 895 palmam
934 815 1079 884 tribuere
1101 817 1262 903 Dionysio
1285 820 1380 885 Hali·

207 914 423 982 carcassensi.
471 917 645 984 Caecilium
680 924 787 986 autem
818 921 975 986 nonnisi
1006 925 1167 989 secundas
1198 933 1312 1006 partes
1343 926 1379 997 in

205 1019 392 1100 eloquentia
414 1024 604 1091 renovanda
626 1024 735 1108 egisse
758 1030 949 1112 statuemus,
974 1048 1046 1095 oum
1068 1049 1133 1096 non
1156 1030 1252 1097 annis
1275 1032 1379 1100 solum

204 1128 265 1193 sed
294 1128 392 1194 etiarn
423 1129 534 1195 indole
557 1136 588 1196 et
620 1130 752 1214 ingenio
786 1151 858 1198 eum
892 1134 1024 1214 aequali
1053 1135 1242 1202 inferiorem
1276 1137 1380 1207 fuisse

199 1233 286 1299 satis
308 1241 430 1316 pateat.
477 1236 589 1317 Neque
622 1240 707 1304 enim
731 1257 811 1320 opus
844 1238 907 1305 init
928 1240 1034 1322 ipsius
1056 1241 1209 1323 Dionysii
1232 1244 1378 1310 testimo-

203 1340 278 1425 niis,
296 1344 411 1422 quibus
428 1361 463 1409 se
478 1342 597 1408 iudicia
613 1343 654 1409 de
674 1346 858 1410 oratoribus
875 1352 909 1410 et
931 1347 971 1412 de
986 1347 1206 1414 Demosthene
1221 1356 1377 1430 tanquam

203 1465 290 1514 nova
314 1456 346 1515 et
373 1448 522 1515 inaudita
553 1448 701 1531 proferre
726 1451 912 1544 confirmat:
944 1472 985 1518 eu
1007 1455 1079 1534 ipsa
1111 1454 1169 1519 illa
1192 1455 1374 1521 studiorum

201 1555 452 1622 commutatione
467 1573 625 1636 apparere
647 1554 779 1622 videtur
793 1558 944 1638 pusillam
968 1559 1069 1625 fnisse
1082 1559 1219 1629 Caecilii
1233 1560 1376 1626 indolem

199 1680 308 1742 neque
339 1680 426 1746 earn,
461 1679 545 1741 quae
582 1680 643 1727 sna
673 1660 708 1728 vi
743 1662 897 1744 optimam
929 1665 1137 1744 eloquentiae
1167 1664 1376 1732 renovandae

202 1768 363 1834 rationem
390 1767 425 1834 in
458 1767 641 1833 imitatione
664 1769 850 1835 Atticorum
883 1770 1024 1852 positam
1048 1791 1119 1837 esso
1154 1771 1375 1857 intellegeret,
1466 1838 1468 1842 .

199 1874 261 1941 sed
277 1892 360 1954 quae
376 1874 458 1940 satis
474 1874 612 1941 haberet
633 1873 742 1940 studia
765 1876 807 1940 ah
831 1876 906 1940 aliis
929 1877 1010 1942 viris
1024 1876 1177 1942 inchoata
1199 1886 1233 1943 et
1249 1878 1377 1945 tradita

199 1982 357 2063 recipere,
389 1986 577 2064 retractare,
607 1999 840 2047 consummare.
888 1983 970 2048 Nam
1003 1983 1140 2048 deerant
1170 1985 1257 2050 vires
1287 2002 1375 2049 nova

200 2094 236 2153 11
257 2086 383 2153 maiora
405 2086 558 2154 moliendi
581 2107 686 2169 neque
709 2086 825 2173 effugit
848 2088 1075 2172 gravissimam
1099 2089 1268 2156 Plutarchi
1291 2091 1375 2158 vitu-

201 2193 412 2277 perationem,
437 2213 510 2260 cnm
534 2194 655 2260 dificile
678 2213 794 2262 munus
825 2194 1022 2277 suscepisset
1056 2197 1265 2278 comparandi
1288 2195 1376 2262 inter

201 2300 824 2387 110111111111111111111111111)
857 2303 993 2370 deerant
1025 2301 1122 2385 vigor
1152 2309 1186 2370 et
1216 2302 1373 2370 alacritas

202 2407 262 2473 illa
284 2407 385 2473 animi
407 2409 499 2474 vitae
528 2413 562 2473 et
585 2407 649 2475 fori
671 2426 765 2474 usum
788 2407 979 2493 respiciens,
1012 2410 1069 2475 sed
1092 2409 1200 2476 aliena
1232 2429 1252 2475 a
1275 2410 1373 2475 docta

201 2513 431 2596 ostentatione,
457 2515 573 2595 quibus
589 2514 768 2582 virtutibus
792 2515 860 2582 late
882 2534 1082 2598 propagasse
1105 2514 1214 2581 studia
1236 2516 1374 2581 Atticis·

200 2619 247 2686 mi
270 2620 463 2703 Dionysium
486 2640 527 2685 ox
549 2620 681 2704 scriptis
705 2621 849 2688 dilucide
873 2623 1056 2704 apparet32)
1088 2621 1226 2689 deerant
1248 2620 1374 2704 ingenii

200 2745 290 2810 opes,
322 2726 438 2806 quibus
461 2726 566 2792 fretus
599 2728 781 2807 exemplum
810 2725 1021 2793 constitueret
1050 2725 1219 2794 doctrinae
1249 2729 1374 2810 placita

201 2959 371 3028 vituperasse
396 2958 582 3025 Thucydidem
610 2973 697 3026 neque
722 2957 872 3013 1111111111
898 2974 985 3025 neque
1009 2958 1095 3014 alium
1122 2960 1256 3026 quendam
1282 2962 1373 3011 antea.

199 3045 270 3103 Nom
289 3063 359 3114 quae
378 3046 473 3102 (111111
491 3046 610 3115 protulit
634 3044 787 3113 113011.
812 3062 867 3101 non
892 3051 949 3100 tam
972 3046 1002 3102 in
1028 3045 1214 3114 Thucydidem
1236 3061 1318 3113 quam
1342 3045 1373 3100 in

198 3152 247 3192 eos
265 3136 431 3201 dictasunt,
451 3135 498 3204 qui
516 3134 624 3190 dicendi
637 3151 724 3204 genus
742 3136 777 3189 ad
795 3150 839 3190 res
856 3137 1021 3190 enarrandas
1040 3134 1209 3203 aptissimum
1227 3135 1262 3188 ad
1281 3134 1373 3190 foren-

198 3241 256 3280 sem
274 3241 354 3280 usum
372 3229 400 3277 et
425 3223 563 3292 publicum
582 3223 734 3279 transferre
758 3224 912 3291 studerent;
937 3222 967 3277 11
985 3222 1109 3278 historiis
1131 3238 1196 3278 vero
1221 3221 1373 3278 scribendis

199 3312 369 3380 Thucydidis
394 3312 487 3366 leudes
504 3327 559 3366 non
576 3312 677 3382 tangit.
715 3311 763 3377 (11.
783 3309 800 3380 §
819 3312 868 3367 st:
899 3316 946 3380 ,nt
962 3313 1090 3367 laudatus
1108 3318 1151 3366 est
1168 3312 1202 3365 ab
1221 3308 1370 3367 omnibns.“

200 3403 310 3471 „fateor
322 3402 368 3456 sed
380 3400 429 3466 ita,
447 3406 581 3456 utrorum
593 3401 745 3469 explicator
762 3401 890 3469 prudens,
908 3416 1024 3467 severus,
1037 3400 1144 3470 gravis3
1164 3415 1310 3467 numquam
1328 3405 1373 3454 est

196 3495 358 3545 numeratus
377 3486 508 3556 orator.“)

289 3595 573 3659 ι1Ρ111.111.1)111.
594 3595 906 3664 c.3;p.32Burckh.
935 3635 941 3648 .
970 3636 977 3649 .
1009 3634 1015 3647 .
1056 3597 1122 3671 περὶ
1161 3597 1370 3673 Λημοσθένους

196 3687 247 3744 καὶ
263 3687 429 3762 Κικέρωνος
451 3681 510 3744 ἀπὸ
532 3694 587 3746 τῶν
609 3683 742 3763 πράξεων
765 3686 816 3745 καὶ
837 3693 891 3746 τῶν
906 3686 1055 3745 πολιτειῶν
1082 3680 1136 3753 τὰς
1152 3680 1255 3761 φύσεις
1277 3682 1371 3744 αὐτῶν

195 3775 247 3833 καὶ
270 3769 323 3842 τὰς
345 3776 497 3842 διαθέσεις
519 3770 757 3858 ἐπισκεψόμεθα,
781 3772 814 3836 τὸ
838 3774 869 3834 δὲ
891 3771 959 3842 τοὺς
980 3769 1080 3852 λόγους
1104 3770 1296 3844 ἀντεξετάζειν
1319 3774 1369 3832 καλ

195 3861 423 3939 ἀποφαίνεσθαι
460 3856 579 3939 πότερος
611 3860 698 3940 η’ὅιόον
730 3860 747 3942 ἢ
785 3859 942 3940 δεινότερος
973 3864 1062 3921 εἰπεῖν
1093 3859 1225 3938 ἐάσομεν.
1271 3859 1374 3920 Κάκεῖ

195 3947 262 4033 γὰρ,
286 3945 322 4020 ὥς
345 3950 463 4029 pyraeo
482 3946 554 4022 Ἴων,
577 3951 709 4028 δελφῖνος
732 3957 761 4012 ἐν
776 3956 870 4033 χέρσῳ
884 3952 952 4031 βίαι
976 3946 1009 4027 ἣν
1035 3945 1199 4030 desperaris
1228 3953 1257 4008 ἐν
1273 3946 1368 4006 οἱνιασι

185 4040 351 4109 Καικίλιος
388 4035 532 4119 ἀγνοήσας
569 4037 752 4100 decursioque
790 4037 938 4120 σύγκρισιν
974 4048 1028 4101 τοῦ
1069 4040 1277 4116 Δημοσθένους
1317 4036 1368 4094 καὶ

194 4131 363 4205 Κικέρωνος
393 4127 552 4207 ἐξενεγκεῖν.
592 4125 681 4190 Ἀλλὰ
703 4125 758 4209 γὰρ
782 4127 852 4198 ἴσως
875 4131 903 4187 εἰ
922 4126 1031 4199 παντὸς
1055 4123 1086 4203 ἦν
1108 4121 1142 4186 τὸ
1157 4127 1189 4184 Γ
1185 4129 1260 4183 rada
1284 4143 1370 4182 σεαυ-

194 4214 248 4277 τὸν
272 4219 347 4296 ἐχειν
369 4214 529 4297 πρόχειρον,
552 4217 604 4278 οὐκ
627 4213 663 4276 ἂν
685 4214 778 4278 ἐδόκει
800 4213 972 4298 κρόςταγμα
996 4224 1079 4276 θεῖον
1102 4210 1183 4274 εἶναι.

285 4321 307 4390 ²)
327 4325 361 4379 of.
380 4322 497 4386 81111111,
516 4323 686 4390 Atticismus,
705 4341 731 4393 p.
750 4316 794 4378 244
