3092 4692
771 270 813 333 19

201 469 419 536 Morawskius
452 467 646 550 cognovisse
676 466 809 533 videtur
836 470 899 532 hoc
927 467 1029 532 fuisse
1057 465 1208 548 Dionysii
1240 469 1274 533 in
1302 473 1374 534 arte

198 575 362 643 rhetorica
385 573 561 641 excolenda
591 573 720 657 insigne
751 575 912 657 meritum,
942 573 1028 653 quod
1059 574 1182 654 primus
1207 579 1371 640 oratorem

199 682 339 751 vinculis
362 681 438 766 illia,
463 680 582 761 quibus
598 680 728 748 scholae
750 680 943 762 Apollodori
966 685 1001 745 et
1016 679 1181 746 Theodori
1197 680 1373 762 discipulos

199 788 478 871 constrinxissent,
505 789 647 854 liberare
672 787 887 872 studuissetl)
912 788 994 853 Nam
1011 791 1048 853 ut
1062 790 1209 853 rhetores
1225 787 1375 867 aequales

199 915 259 964 nec
292 915 357 961 non
380 893 539 960 Caecilius
575 892 821 977 ,scholasticis“
854 891 1039 974 praeceptis
1071 893 1139 959 suis
1173 899 1207 959 et
1240 894 1373 976 legibus

199 1001 403 1085 eloquentiae
430 1000 564 1066 flumina
595 1006 760 1080 tamquam
794 999 970 1083 aggeribus
1001 1001 1196 1066 coercebant
1218 1006 1316 1081 atque
1341 1003 1376 1066 iu

200 1108 326 1175 rivulos
350 1107 559 1188 diducebant,
582 1109 632 1172 ita
655 1106 836 1188 Dionysius
860 1106 901 1171 ad
923 1105 1013 1187 ipsos
1037 1105 1145 1172 fontes
1169 1126 1204 1173 se
1228 1107 1374 1191 contulit,

199 1221 297 1295 atque
320 1214 396 1280 illuc
412 1213 537 1280 animos
560 1232 676 1294 rapere
693 1217 828 1278 conatus
851 1218 910 1295 est,
933 1211 991 1277 ubi
1013 1230 1078 1277 non
1102 1214 1230 1278 seclusa
1253 1215 1375 1293 aquula

198 1326 373 1405 teneretur,
406 1321 463 1387 sed
487 1321 572 1386 unde
599 1321 756 1387 torrentis
787 1320 895 1385 instar
927 1325 1111 1401 erumperet
1141 1320 1298 1385 indomita
1320 1320 1376 1387 vis

199 1427 402 1508 eloquentiae
429 1426 528 1492 nullis
560 1425 720 1492 obstricta
749 1425 989 1508 impedimentis
1020 1425 1085 1491 uisi
1116 1445 1199 1506 quae
1223 1427 1376 1509 opposuit

199 1532 337 1616 ὁκαιρδς
360 1535 376 1596 ὁ
398 1531 495 1594 πάντα
517 1542 627 1614 μετρῶν
650 1532 704 1618 (ef.
730 1532 771 1599 de
796 1534 872 1617 Lys.
905 1553 929 1598 e.
955 1530 1006 1597 13.
1037 1551 1067 1614 p.
1092 1532 1171 1615 482;
1204 1535 1245 1600 de
1267 1553 1373 1615 comp.

197 1645 286 1709 verb.
310 1661 338 1707 c.
364 1640 414 1707 12.
438 1661 469 1722 p.
495 1637 562 1724 67.)
609 1638 718 1722 Quare
754 1659 795 1706 ne
823 1638 986 1723 miremur,
1019 1640 1106 1720 quod
1135 1642 1370 1723 Hermagorae,

197 1746 398 1830 Apollodori,
431 1747 592 1813 Theodori
625 1746 756 1812 uomina
788 1746 999 1813 celeberrima
1035 1766 1076 1812 ue
1107 1748 1206 1813 semel
1238 1747 1371 1827 quidem

200 1852 444 1919 memoraverit:
478 1853 686 1918 abhorruisse
716 1852 800 1919 euim
834 1871 905 1918 eum
938 1854 1114 1919 aratione
1149 1854 1286 1920 docendi
1318 1865 1374 1917 τῶν

199 1965 270 2022 νέον
291 1956 494 2042 τεχνογράφοι
518 1979 591 2025 cum
607 1977 648 2025 ex
663 1959 766 2041 ipsius
783 1959 893 2027 verbis
902 1959 930 2044 2)
948 1960 1062 2044 elucet,
1086 1964 1154 2025 tum
1175 1961 1263 2044 inde,
1290 1962 1376 2041 quod

198 2067 298 2133 etiam
320 2067 355 2132 in
377 2066 559 2148 praeceptis
574 2066 746 2133 rhetoricis
769 2068 926 2149 respiciat
940 2068 1127 2150 Isocratem,
1152 2068 1374 2151 Aristotelem,

199 2174 467 2257 Theophrastum,
492 2191 657 2254 uunquam
680 2174 834 2253 aequales
857 2173 1045 2260 rhetores.³)

196 2337 264 2423 δέας
286 2349 426 2433 τροπικὰς
455 2353 500 2406 vel
524 2347 648 2431 τρόπους
671 2350 715 2419 (de
729 2351 813 2405 Thuc.
824 2367 846 2405 c.
856 2351 881 2404 5.
892 2368 917 2421 p.
933 2350 1000 2420 966;
1020 2352 1053 2407 de
1065 2353 1141 2407 Dem.
1159 2369 1181 2407 c.
1194 2350 1237 2408 46.
1250 2370 1276 2422 p.
1291 2351 1377 2422 1103;

165 2468 167 2472 ·
198 2444 229 2496 de
253 2444 317 2510 hys.
337 2458 358 2495 ο.
378 2440 403 2494 3.
422 2458 447 2509 p.
467 2439 540 2506 457),
559 2441 632 2495 inter
651 2457 717 2509 quos
734 2440 887 2495 invenimus
906 2438 1067 2521 ὑπερβατὸν
1078 2449 1106 2496 et
1135 2445 1311 2520 περίφρασιν
1334 2440 1378 2509 (de

196 2532 280 2587 Thuc.
300 2547 321 2584 c.
340 2529 383 2583 31.
402 2546 428 2598 p.
448 2527 514 2598 891;
534 2545 555 2583 c.
575 2528 618 2582 26.
637 2546 662 2597 p.
682 2527 753 2596 929),
780 2545 849 2598 quae
869 2530 1004 2585 Caecilius
1023 2532 1161 2584 schemata
1179 2546 1236 2585 osae
1255 2531 1376 2599 putavit.

195 2620 323 2676 Dubitari
342 2626 434 2675 autem
452 2623 551 2688 potest,
564 2635 628 2674 num
650 2618 758 2674 omnino
772 2619 872 2674 ancil.
885 2625 979 2688 tropos
992 2619 1131 2684 statuerit,
1151 2635 1212 2674 cum
1225 2636 1373 2688 quamcun-

200 2724 251 2777 que
269 2705 377 2788 τροπάγν
392 2705 432 2785 μὴ
447 2705 523 2767 κατά
540 2706 627 2785 φύσιν
651 2708 757 2762 schema
782 2723 840 2761 esse
859 2708 952 2763 vellet.
990 2709 1067 2763 Inter
1085 2708 1211 2777 Dionysii
1237 2711 1377 2764 schemata

196 2801 327 2866 διανοίας
345 2796 414 2851 falso
428 2796 539 2850 rettulit
551 2797 717 2862 Roesslerus,
740 2796 787 2864 qui
805 2796 884 2851 Dion.
904 2797 1007 2864 figuras
1036 2797 1155 2866 collegit,
1183 2794 1375 2873 πλεονασμὸν,

196 2903 265 2956 quae
278 2903 333 2942 vox
345 2890 437 2940 exstat
451 2886 483 2939 de
496 2885 572 2939 Deru.
586 2901 608 2938 c.
622 2882 665 2937 50.
677 2901 703 2953 p.
718 2883 809 2937 trba:
825 2879 841 2962 λγ
856 2886 887 2945 δὲ
905 2883 1050 2964 συνδρομή
1063 2909 1094 2946 τε
1117 2888 1165 2945 καὶ
1183 2883 1375 2961 πλεονασμὸς,

196 2971 238 3045 οἶς
262 2976 432 3055 ἐλέγχεσθαι
456 2977 566 3052 πέφυκε
589 2970 698 3043 παντὸς
725 2971 897 3053 πράγματος
926 2977 975 3034 καὶ
1007 2973 1139 3052 σώματος
1172 2984 1280 3054 γνῶσις,
1305 2972 1377 3043 ι”διος

197 3063 285 3142 αάτῖγς
315 3066 362 3147 (se.
394 3073 444 3142 τῆς
479 3066 615 3141 Λημοσδ.
648 3061 828 3147 συνθέσεως)
856 3067 963 3144 γίνεται
997 3060 1201 3144 χαρακτήρ.
1257 3063 1376 3118 Nomina

195 3154 380 3234 παρεμβολῆς
403 3157 432 3207 et
463 3148 676 3230 παρεμτώσιοις
699 3159 847 3208 occurrunt
871 3154 1050 3208 dalhuno.
1072 3152 1113 3203 15.
1140 3169 1166 3219 p.
1186 3150 1247 3204 814.
1268 3168 1294 3220 p.
1314 3150 1375 3205 815.

197 3240 242 3309 (cf.
261 3259 288 3310 p.
307 3239 373 3309 8683
394 3239 469 3309 792),
488 3257 584 3295 verum
596 3256 650 3294 uon
662 3241 820 3308 significant
833 3241 948 3297 Caecilii
961 3241 1077 3308 figuram
1090 3241 1265 3310 peculiarem:
1285 3258 1372 3310 neque

195 3330 298 3398 figuras
316 3329 428 3398 putavit
446 3344 503 3383 csse
522 3328 634 3397 Dionys.
655 3327 812 3408 ἀφαίρεσιν
835 3335 863 3384 et
882 3330 1036 3390 ἀλλοίωσιν
1053 3330 1098 3397 (de
1115 3346 1199 3398 comp.
1220 3329 1293 3384 verb.
1314 3346 1335 3383 c.
1350 3332 1375 3385 6.

196 3436 222 3488 p.
242 3416 296 3486 39).
333 3418 469 3473 Abhorret
486 3417 576 3484 igitur
595 3417 743 3486 Dionysius
762 3435 778 3472 a
797 3419 909 3474 Caecilii
928 3420 1058 3488 argutiis.

304 3506 327 3572 ¹)
346 3523 373 3562 v.
393 3507 549 3571 Morawskt
575 3492 615 3561 Di
634 3506 712 3562 Dion.
732 3513 761 3562 et
781 3507 857 3563 (iaec.
877 3508 976 3564 studiis
994 3507 1154 3576 rhetoricis;
1179 3508 1212 3563 N.
1231 3508 1284 3564 Rh.
1306 3509 1374 3564 hius.
1461 3567 1463 3571 Α

197 3595 313 3663 34,37(1
332 3613 389 3664 sqq.

304 3683 327 3753 ²)
348 3687 380 3740 de
398 3687 476 3740 Isaeo
496 3702 518 3739 c.
539 3684 581 3740 14.
600 3702 626 3754 p·
648 3685 700 3740 613
718 3683 866 3768 τοιγάρτοι
889 3684 963 3766 μετά
985 3683 1038 3756 τάς
1061 3683 1202 3766 διηγήσεις
1224 3684 1277 3756 τάς
1300 3682 1376 3748 οὕτω

197 3774 422 3853 ᾠκονομημένας,
446 3773 498 3834 οὐκ
522 3771 562 3834 ἔτι
585 3771 638 3844 τάς
660 3781 875 3856 προηγουμένας
903 3773 1063 3846 ἀποδείξεις
1078 3777 1194 3841 πολλοῖς
1209 3778 1375 3856 βεβαιοῦται

196 3862 291 3945 λόγοις
314 3858 455 3924 οὔδ’ἕστιν
478 3859 575 3940 ὅμοιος
590 3873 650 3932 τοῖς
672 3867 746 3934 νέοις
761 3862 966 3945 τεχνογράφοις
984 3861 1058 3924 ἀλλά
1080 3861 1134 3934 τάς
1148 3873 1203 3924 τῶν
1226 3864 1376 3924 ἀντιδίκοιν

197 3956 308 4022 πίστεις
339 3951 466 4032 ἀναιρεῖν
497 3951 597 4012 οἴεται.
652 3954 686 4007 cf.
718 3954 800 4010 Dion.
829 3954 962 4009 iudicium
989 3953 1150 4008 acerrimum
1180 3954 1209 4007 in
1236 3953 1375 4007 rhetorum

196 4041 309 4097 inutiles
330 4041 542 4097 declamationes
554 4042 608 4094 Ars
622 4041 705 4096 Rhet.
720 4042 753 4096 X.
768 4060 790 4097 c.
806 4043 875 4112 16η),
888 4041 956 4097 391:
981 4050 1074 4103 ταῦτα
1091 4044 1140 4102 καὶ
1164 4038 1238 4103 ἀλλα
1253 4049 1374 4099 τοιαῦτα

201 4126 347 4210 κεφάλαια
379 4135 408 4191 ἐν
438 4140 502 4199 ταῖς
536 4139 591 4190 τῶν
624 4140 771 4209 σοφιστῶν
803 4133 967 4211 διατριβαῖς
995 4136 1148 4208 εἰθισμένα
1180 4125 1376 4207 ἀγωνίζεσθαι

198 4223 333 4298 φευκτέα,
358 4223 385 4279 εί
405 4219 501 4296 μέλλει
523 4240 567 4288 τις
589 4215 664 4297 πρὸς
687 4216 831 4298 ἀληθειαν
854 4217 1021 4299 ῥητορεύειν.

302 4323 325 4395 ⁸)
345 4327 379 4382 ci·
399 4323 545 4379 blorawalri
562 4325 580 4376 l.
600 4325 618 4378 l.
637 4326 724 4380 Blass.
743 4326 852 4381 Griceh.
872 4327 981 4382 Bereds.
999 4344 1025 4396 p.
1039 4323 1090 4377 197
1103 4339 1160 4390 sqq.
