3092 4692
682 269 896 377 ..fi-.-

200 470 363 552 putandus
394 474 446 535 est
469 467 604 534 Caecilii
636 469 719 534 libro
752 467 792 533 16
823 468 933 533 decem
965 469 1150 534 oratoribus
1173 470 1238 533 iam
1266 468 1376 534 edito?

201 576 302 656 Atqui
337 576 425 641 haud
460 575 677 656 spernendum
711 593 816 654 neque
851 575 936 654 quod
971 573 1069 639 facile
1107 575 1230 659 negligi
1268 579 1379 656 posset

202 681 332 750 Caecilii
358 701 437 764 opus
461 688 542 766 erat,
567 681 597 747 si
620 683 748 762 quidem
772 701 868 763 saepe
885 682 1082 762 exscriptum
1105 701 1125 747 a
1147 681 1381 763 posterioribus

200 809 352 872 magnam
374 789 505 855 videtur
528 787 654 854 auctori
676 789 846 870 paravisse
870 789 1116 854 auctoritatem:
1138 788 1256 869 quodsi
1280 787 1379 853 exsti·

200 895 306 978 tisset,
322 901 495 976 antequam
509 897 688 978 Dionysius
703 893 951 961 commentarios
965 913 1040 961 suos
1053 895 1195 961 scribere
1212 893 1379 976 coepisset

202 1002 361 1083 quomodo
390 1022 463 1069 eum
486 1002 601 1084 fugere
623 1003 776 1084 potuerit,
804 1021 847 1067 66
874 999 1076 1067 divinatione
1100 1000 1228 1082 quidem
1251 1002 1382 1082 assequi

200 1127 343 1193 possum,
367 1110 561 1190 praesertim
587 1116 659 1174 cum
682 1127 747 1174 666
779 1109 813 1173 16
843 1109 962 1191 angulo
994 1108 1132 1188 quodam
1162 1106 1380 1173 remotissimo

203 1216 363 1281 Caecilius
386 1213 487 1280 libros
511 1233 586 1280 suos
607 1215 790 1297 conficeret,
815 1214 872 1280 sed
894 1215 928 1278 in
944 1214 1142 1295 luceipsius
1158 1215 1294 1295 Romae;
1318 1233 1382 1294 qna

200 1321 233 1386 in
251 1325 331 1386 66166
348 1340 419 1387 cum
437 1326 471 1387 et
485 1320 557 1403 ipse
569 1320 747 1403 Dionysius
763 1322 903 1392 doceret,
920 1319 998 1401 quin
1014 1319 1207 1405 brevissimo
1223 1319 1378 1401 temporis

201 1429 308 1508 spatio
319 1446 390 1492 cum
400 1427 536 1493 aliorum
549 1429 712 1494 hominum
722 1429 898 1509 doctorum,
909 1428 962 1508 qui
972 1425 1227 1507 frequentissimi
1239 1426 1382 1506 undique

201 1554 240 1599 eo
264 1533 512 1618 confluebant,¹)
536 1539 606 1600 tum
622 1533 724 1616 ipsius
741 1536 872 1601 Caecilii
896 1533 1005 1599 studia
1017 1533 1048 1598 61
1060 1529 1381 1610 1666166616166116

201 1638 319 1718 ζήτησιν
343 1637 529 1717 ποιησαμένῳ
550 1639 607 1706 Vix
630 1641 801 1720 quisquam
817 1639 990 1707 dubitabit.
1037 1641 1149 1720 Neque
1172 1658 1250 1706 Vero
1275 1637 1380 1719 primo

202 1746 312 1812 statim
345 1753 500 1829 tempore,
528 1751 700 1828 postquam
731 1747 866 1812 Romam
892 1749 991 1828 venit,
1012 1745 1191 1828 Dionysius
1223 1764 1380 1811 commen-

202 1852 304 1918 tarios
340 1871 415 1917 suos
453 1852 585 1919 videtur
620 1852 857 1935 composuisse;
894 1853 1093 1934 praecedunt
1129 1851 1214 1917 enim
1255 1870 1311 1917 eos
1344 1851 1378 1917 in

200 1958 376 2043 ordinibus,
401 1979 483 2040 quos
507 1965 756 2042 composuerunt
779 1960 926 2026 Blassius
950 1967 984 2026 et
1005 1961 1210 2041 Roesslerus,
1236 1958 1378 2040 epistula

208 2065 249 2130 ad
274 2067 464 2132 Ammaeum
487 2068 513 2132 Ι.
547 2072 580 2132 61
603 2067 734 2132 libellus
765 2067 822 2132 ille
851 2066 891 2132 16
916 2065 1148 2149 compositione
1171 2068 1341 2132 verborum
1353 2065 1381 2148 2)

206 2210 248 2218 --
273 2170 377 2252 quid‘t
408 2192 466 2255 per
489 2175 646 2254 temporis
668 2173 879 2240 intervallum
907 2173 988 2238 illud
1011 2192 1098 2239 sane
1121 2175 1262 2255 longum,
1295 2171 1382 2251 quod

202 2281 289 2344 16166
311 2281 448 2346 Romam
473 2279 641 2361 scriptoris
665 2280 841 2356 adventum
866 2290 899 2345 61
923 2280 1224 2344 commentariorum
1256 2263 1387 2360 compo-¹

204 2384 765 2468 61116666616166666616666116166,
799 2404 904 2450 66666
941 2387 1022 2450 661-16
1053 2384 1083 2450 er
1114 2383 1282 2450 facultatis
1310 2390 1384 2449 erat

205 2491 286 2556 data
311 2492 453 2574 Caecilii,
478 2491 507 2557 si
530 2510 613 2573 quae
629 2494 837 2576 exst'ternnt,
862 2494 987 2574 scripta
1003 2494 1187 2558 aestlretica
1211 2499 1245 2557 61
1267 2489 1383 2556 critica

204 2598 445 2680 cognoscendi?
492 2597 583 2680 Quae
607 2600 635 2664 si
659 2597 812 2683 fuissent,
837 2601 984 2665 novisset
1014 2599 1159 2681 profecto
1184 2596 1381 2679 Dionysius;

203 2705 233 2767 si
252 2705 408 2786 novisset,
431 2704 465 2769 in
482 2705 686 2785 praefatione
706 2711 932 2788 memorasset,
956 2714 991 2771 at
1006 2725 1069 2771 non
1085 2705 1287 2788 memoravit,
1304 2723 1382 2787 ergo

204 2810 346 2876 nondum
371 2810 580 2877 exstiterunt.
629 2812 819 2893 „Nondum“
837 2812 923 2893 dico,
947 2811 1157 2893 nequeenim
1172 2809 1381 2894 malignitate

206 2919 305 2984 animi
329 2918 382 2984 vel
413 2918 540 2985 invidia
563 2918 755 3001 Dionysium
788 2939 827 2985 ea
854 2919 984 2986 silentio
1012 2919 1271 3002 praetermisisse
1294 2919 1381 2983 61166

205 3023 338 3105 quidam
364 3027 454 3091 16666
478 3026 584 3110 16661,
608 3025 663 3106 661
686 3031 798 3092 exstat
819 3028 854 3092 16
879 3027 1039 3108 epistulae
1062 3026 1104 3092 ad
1120 3028 1174 3092 Cn.
1192 3026 1381 3106 Pompeium

205 3151 274 3213 cap.
309 3130 345 3211 33
378 3151 452 3213 pag.
487 3132 548 3194 777
582 3132 626 3197 R:
664 3136 746 3210 ‚apol
774 3137 871 3210 μέντοι
911 3136 960 3192 καὶ
999 3142 1040 3209 aqi
1067 3128 1197 3209 6661661666
1235 3133 1379 3207 Καικιλίῳ

205 3242 289 3298 douai
316 3235 353 3296 τὰ
385 3235 576 3315 ἐνθυμήματα
607 3237 696 3299 αὐτοῦ
725 3236 854 3316 μάλιστά
885 3263 915 3318 ys
942 3241 991 3298 καὶ
1015 3237 1137 3316 ζηλῶσαι
1159 3241 1380 3315 Λημοσθένης.“

204 3486 367 3542 horrentem.
405 3487 538 3554 Equidem
551 3487 711 3556 Dionysium
721 3493 787 3556 puto
806 3503 919 3544 666666
934 3489 1057 3557 proferre
1070 3488 1216 3544 credidisse
1230 3490 1380 3556 nequedum

205 3574 335 3630 exsistere
354 3575 456 3631 similes
474 3577 654 3643 quaestiones,
674 3577 767 3645 quales
786 3577 845 3646 ipse
863 3577 1010 3632 institurus
1029 3584 1113 3646 esset;
1132 3583 1163 3631 at
1182 3577 1272 3633 666116
1291 3579 1381 3632 verbis

206 3663 385 3731 praecavisse,
405 3664 512 3730 nasibi,
531 3666 553 3720 61
573 3665 620 3734 661
637 3666 1157 3734 16616111611666166666116616616661,
1176 3684 1248 3721 vana
1266 3667 1381 3721 iactatio

205 3751 239 3805 ab
263 3753 429 3807 adversariis
456 3754 599 3822 opprobrio
626 3755 744 3810 1666166.
783 3755 812 3810 Si
836 3755 888 3809 sibi
914 3754 1037 3810 66666166
1062 3756 1290 3824 66611116666166
1313 3755 1382 3810 talia

205 3837 385 3920 θεωρήματα
420 3841 473 3896 iam
488 3849 551 3897 ante
570 3859 599 3898 66
617 3859 674 3897 6666
687 3844 824 3910 incohata,
838 3843 934 3911 quidni
948 3857 1057 3911 operam
1076 3844 1182 3899 dederit
1194 3851 1322 3900 66666616
1342 3845 1381 3898 616

204 3929 412 3997 conquirendis?
432 3931 490 3998 Quo
503 3931 562 3987 iure
576 3932 665 3986 dicere
677 3934 770 4000 potuit
783 3949 812 3987 se
824 3934 928 3987 nullam
942 3933 1026 3986 talem
1041 3934 1216 4002 scriptionem
1232 3934 1379 4000 iuvenisse,

205 4019 329 4086 utramvis
347 4020 448 4074 acriter
461 4019 594 4089 indagare
613 4022 780 4077 studuisset?
793 4051 827 4058 —-
845 4021 897 4076 nisi
916 4023 989 4078 forte
1001 4023 1152 4078 Brzoskam
1171 4023 1258 4078 secuti
1278 4021 1380 4090 Diony·

204 4106 274 4162 sium
293 4123 347 4163 non
365 4109 444 4164 modo
457 4110 649 4178 neglegentem
662 4111 823 4180 scriptorem
836 4113 883 4166 sed
896 4111 980 4166 etiam
992 4112 1226 4167 mendacissimum
1239 4111 1380 4178 putamus!

314 4212 334 4282 ¹)
354 4215 442 4271 Blass.
462 4216 732 4285 (16166111666166.
753 4217 814 4273 151.

312 4318 336 4388 ¹)
354 4322 442 4390 Blass,
463 4326 496 4378 de
515 4324 625 4393 scriptis
643 4325 727 4380 rhett.
746 4341 772 4393 6.
793 4324 835 4392 23,
854 4324 902 4395 303
921 4326 1055 4383 Roessler.
1075 4324 1093 4377 l.
1112 4324 1131 4377 l.
1150 4339 1175 4391 6.
1197 4321 1238 4374 13.
