3092 4692
762 201 806 269 29

678 294 893 307 *—

201 387 357 455 mollioris
380 391 508 459 dicendi
532 396 660 476 generis
684 398 888 487 principes,¹)
912 401 1152 489 Demochares,
1185 408 1369 475 Demetrius

200 497 393 582 Phalereus,
419 502 580 567 Menecles
604 506 737 586 eiusque
760 507 865 573 frater
890 511 1058 575 Hierocles
1082 513 1369 600 Alabandenses2)

202 603 325 671 Simihs
356 606 754 697 enumeratiogoratorum
788 617 822 681 in
854 619 955 682 Bruto
988 616 1029 682 26
1042 619 1136 701 -393
1173 621 1232 686 sed
1263 622 1297 686 in
1329 641 1369 688 aa

201 731 329 792 quoquae
363 714 495 779 canonis
530 719 673 801 vestigia
701 717 831 805 ,frustra
865 722 1030 808 requiraS,
1071 725 1099 791 si
1139 726 1266 808 quidem
1305 747 1370 793 vox

202 817 337 884 canonis
352 819 400 885 ita
416 827 466 886 est
480 820 703 909 intelligenda,
720 831 757 890 ut
772 846 917 894 normam
934 838 1031 910 atque
1048 835 1194 913 regulam
1211 834 1371 914 quandam

202 924 375 1010 significet,
410 930 528 1011 regula
558 936 668 996 autem
700 939 807 999 certos
838 945 871 1001 et
902 955 1035 1002 numero
1067 941 1258 1005 terminatos
1289 941 1372 1006 fines

203 1030 376 1098 desideret.
424 1034 518 1100 Nullo
543 1035 660 1103 deinde
691 1038 759 1104 loco
783 1041 974 1107 memoravit
997 1042 1108 1110 Cicero
1132 1064 1236 1127 neque
1261 1046 1369 1112 Ando-

203 1137 305 1205 cidem
344 1159 447 1221 neque
484 1142 630 1208 Isaeum:
669 1146 753 1224 quod
792 1146 913 1213 idcirco
951 1151 1100 1215 Brzoska
1138 1166 1209 1218 eum
1249 1152 1366 1219 fecisse

202 1245 384 1328 contendit,
418 1249 494 1327 quia
523 1249 620 1315 nimis
649 1250 746 1333 prisci
775 1253 825 1318 illi
853 1262 999 1321 oratores
1028 1276 1048 1320 a
1079 1277 1139 1323 sua
1173 1258 1283 1325 indole
1314 1261 1370 1325 ab·

201 1354 420 1436 horruissent,
446 1394 488 1400 —
513 1356 615 1438 quid?
638 1360 724 1438 quod
740 1362 887 1426 Ciceroni
909 1381 973 1428 non
989 1365 1141 1430 imitandi
1165 1365 1371 1448 ridebantur,

202 1481 278 1527 num
301 1468 491 1547 propterea,
517 1483 588 1530 cum
612 1466 783 1533 historiam
807 1470 939 1534 Atticae
970 1469 1177 1551 eloquentiae
1200 1476 1368 1556 tractaret,

202 1588 242 1635 ne
265 1569 452 1635 nominandi
476 1570 604 1651 quidem
620 1573 740 1639 erant?
787 1574 857 1656 Quo
882 1577 1010 1642 tandem
1034 1579 1104 1644 iure
1125 1579 1272 1644 Bmoska
1287 1578 1374 1645 iuter

207 1675 373 1758 „priscos“
409 1682 554 1743 oratores
586 1679 718 1745 Isaeum
751 1681 905 1749 rettulit?
940 1702 1010 1749 cum
1042 1683 1218 1768 Dionysius
1253 1686 1375 1767 Lysiae

201 1785 380 1849 ‘orationem
429 1795 597 1866 comparet
627 1799 692 1858 ταῖς
726 1787 928 1868 ἀρχαιοτέραις
964 1804 1100 1870 γραφαῖς,
1131 1793 1218 1857 Isaei
1265 1799 1373 1858 autem

203 1908 381 1956 Sermonem
404 1903 469 1961 ταῖς
492 1897 733 1971 ἐκπεπονημέναις
765 1899 813 1954 καὶ
846 1894 1066 1976 τεχνικωτάταις
1089 1897 1144 1981 (de
1169 1899 1264 1964 ISaOO
1289 1917 1316 1964 c.
1343 1899 1372 1964 4.

204 1994 244 2061 cf.
268 2016 293 2061 c.
318 1996 377 2082 3.),
411 2016 484 2064 cum
507 1998 540 2065 in
571 2001 658 2065 Isaei
684 2001 811 2067 dicendi
841 2022 960 2084 genere
983 2003 1087 2085 ipsius
1103 2005 1375 2070 Demosthenicae

205 2104 410 2182 eloquentiae
425 2104 531 2173 inesse
555 2106 644 2173 dicat
659 2110 794 2174 semina.
841 2108 1028 2176 Ciceronem
1052 2112 1162 2194 igitur,
1188 2113 1242 2194 qui
1260 2112 1376 2176 Demo-

205 2211 352 2277 sthenem
377 2219 540 2279 oratorum
557 2214 736 2297 principem
757 2219 890 2281 sumnris
914 2217 1066 2282 laudibus
1084 2217 1274 2300 celebravit,
1300 2239 1375 2284 num

315 2389 334 2457 1)
355 2391 425 2458 Quos
439 2397 529 2445 tamen
547 2408 602 2447 non
621 2393 709 2449 minus
726 2395 833 2449 Atticos
852 2410 910 2449 esse
930 2395 1022 2451 Cicero
1035 2395 1146 2465 putavit
1165 2392 1375 2453 cuissiacus:

205 2479 274 2533 illud
303 2480 386 2534 etiam
414 2497 527 2549 quaero,
563 2484 711 2559 Bbolereus
743 2483 792 2538 ille
819 2485 973 2539 Demetrius
1001 2485 1131 2539 Atticene
1162 2484 1279 2551 dixerit3
1310 2484 1376 2538 mihi

206 2569 317 2638 quidem
336 2586 368 2624 ex
387 2570 461 2625 illius
480 2571 648 2627 orationibus
674 2574 796 2629 redolere
814 2574 889 2641 ipsae
907 2576 1033 2629 Athenae
1052 2574 1189 2628 videntur.
1227 2573 1304 2627 Orat.
1329 2572 1378 2626 92:

205 2660 235 2714 in
255 2676 307 2727 qua
326 2658 372 2726 (sc.
399 2660 509 2714 media
534 2661 666 2716 orationis
685 2660 783 2729 forma)
803 2663 883 2718 multi
906 2663 1057 2718 floruerunt
1076 2665 1146 2731 apud
1174 2663 1306 2729 Graecos,
1331 2663 1378 2717 sed

207 2748 355 2802 Phalereus
374 2749 529 2804 Demetrius
548 2767 607 2805 meo
626 2751 727 2806 iudicio
746 2751 889 2819 praestitit
907 2753 1013 2806 ceteris.

314 2835 335 2904 ²)
362 2839 395 2893 de
417 2855 455 2894 or.
478 2840 515 2904 II,
535 2838 581 2892 95:
604 2839 701 2907 ,hodie
724 2840 940 2894 Alabandensem
962 2842 1110 2895 Meneclem
1132 2840 1241 2895 eteius
1263 2840 1378 2893 fratrem

207 2928 366 2993 Hieroclem,
390 2946 457 2997 quos
476 2946 527 2998 ego
546 2929 653 2995 audivi,
673 2934 734 2985 tota
752 2929 879 2984 imitatur
896 2930 988 2984 Asia.‘¹
1026 2931 1084 2998 Quo
1102 2932 1161 2985 loeo
1181 2946 1241 2984 cum
1259 2935 1379 2983 testetur

208 3019 303 3074 Cicero
323 3019 469 3087 „plurimos
494 3036 593 3083 eorum,
619 3019 664 3088 qui
684 3027 749 3073 tunc
773 3020 802 3074 in
828 3019 986 3088 eloquentia
1010 3020 1131 3074 studium
1151 3019 1325 3081 collocarent,
1345 3018 1396 3070 ab‘

208 3108 363 3164 Atticorum
390 3108 542 3164 rationibus
568 3108 675 3162 dicendi
693 3109 873 3164 alienissimos
903 3108 1004 3164 fuisse‘
1024 3108 1136 3174 (Steffen
1166 3107 1186 3158 l.
1218 3108 1235 3160 l.
1266 3124 1291 3174 p.
1324 3104 1380 3173 47),

208 3199 332 3252 Brzoska
349 3214 374 3265 p.
393 3196 428 3252 23
447 3198 534 3253 solum
552 3198 582 3251 id
607 3197 703 3267 colligi
728 3214 807 3266 posse
827 3198 896 3252 dicit
922 3211 1054 3252 canonem
1075 3202 1156 3264 „tunc
1175 3196 1306 3264 temporis
1325 3213 1378 3264 quo

210 3301 358 3340 sermonem
388 3286 482 3340 haberi
515 3286 608 3342 Cicero
639 3287 749 3341 fecisset
778 3286 812 3355 (a.
841 3285 884 3340 91.
915 3303 939 3339 a.
972 3284 1044 3353 Chr.)
1079 3302 1139 3340 cum
1167 3286 1286 3340 sontium
1312 3285 1380 3339 satis

209 3375 370 3444 probaretur
398 3391 456 3430 esse
481 3373 660 3445 neglectum.“
709 3376 784 3443 Quae
812 3376 950 3430 sententia
977 3375 1043 3431 mihi
1072 3389 1182 3443 prorsus
1204 3373 1301 3441 inepta
1323 3389 1381 3428 esse

210 3465 327 3520 videtur.
365 3464 431 3533 Quis
457 3464 527 3520 enim
552 3464 641 3519 nescit
669 3465 702 3519 ad
728 3465 843 3520 Antonii
872 3473 899 3520 et
929 3465 1020 3520 Crassi
1049 3478 1178 3533 personas
1205 3479 1267 3516 suas
1295 3462 1380 3531 ipsius

210 3554 367 3610 Ciceronem
394 3556 568 3609 transtulisse
597 3554 767 3609 sententias?
792 3554 839 3623 qui
867 3554 891 3608 si
924 3569 1054 3608 canonem
1084 3552 1207 3607 novisset
1235 3552 1293 3606 sine
1324 3552 1382 3606 ulla

210 3643 382 3699 dubitatione
413 3644 559 3699 Antonium
590 3645 623 3699 de
651 3661 682 3700 eo
714 3644 890 3699 disserentem
918 3643 1035 3697 fecisset.
1084 3643 1213 3696 Fortasse
1244 3641 1382 3695 Antonius

211 3734 412 3788 Alabandenses
425 3733 488 3788 illos
501 3734 623 3790 audivit:
644 3735 799 3790 Ciceronem
812 3734 900 3803 ipsum
918 3749 963 3788 eos
982 3731 1121 3787 audivisse
1138 3747 1251 3798 puerum
1264 3735 1382 3785 constat.

212 3822 423 3879 durateus.
444 3839 481 3878 or.
501 3823 547 3891 23;
567 3823 664 3891 quibus
682 3824 748 3879 locis
777 3824 866 3878 simile
885 3828 977 3877 exstat
1001 3822 1034 3875 de
1058 3821 1183 3874 Hierocle
1210 3831 1238 3874 et
1262 3817 1382 3873 Menecle

211 3912 340 3968 iudicium
358 3921 441 3981 etque
459 3913 488 3967 in
506 3913 589 3967 libros
615 3909 651 3967 de
670 3918 779 3969 oratore
797 3911 915 3981 scriptis.
954 3910 1024 3978 Quid
1048 3912 1129 3964 rero'?
1159 3909 1182 3963 si
1208 3906 1330 3963 inlibris
1350 3905 1382 3958 de

213 4009 321 4058 oratore
344 4002 402 4057 ficti
432 4003 562 4071 temporis
589 4003 722 4057 rationem
751 4003 846 4058 Cicero
875 4001 985 4064 habuit,
1014 4016 1062 4054 cur
1091 4014 1220 4054 canonem
1244 4011 1314 4049 anno
1338 3992 1382 4047 91.

212 4093 331 4147 nondum
357 4092 501 4162 probatum
534 4093 605 4147 idem
632 4092 724 4147 Cicero
752 4108 807 4146 non
830 4090 982 4146 nominavit
1007 4090 1037 4144 in
1063 4089 1130 4144 locis
1156 4083 1310 4147 simillimis,
1336 4082 1383 4150 qui

213 4181 371 4237 exstantia
392 4178 504 4250 „Bruti“
526 4188 609 4250 atque
629 4178 778 4249 „oratoris“
799 4179 917 4249 dialogis
936 4175 1198 4235 annotabamus?
1235 4174 1278 4226 An
1297 4171 1382 4226 etiam

212 4281 272 4329 tum
291 4287 379 4328 canon
396 4271 515 4327 nondum
533 4271 602 4326 satis
620 4269 804 4339 probabatur?
