3092 4692
714 259 756 327 46

625 353 838 362 -—-..-—--

253 461 325 525 Iarn
348 475 426 526 vero
450 459 625 524 Caecilium
648 457 693 525 ad
708 456 847 524 similem
869 458 940 525 fere
962 456 1047 525 artis
1070 467 1321 542 praeceptorum

147 566 421 647 contemptionem
456 584 494 631 ac
528 564 776 645 despicientiam
813 566 1002 646 pervenisse
1041 571 1181 647 apparet
1216 572 1321 647 atque

146 672 348 755 Dionysium,
394 689 489 752 quern
518 678 553 737 et
588 672 696 752 ipsum
728 672 1046 753 tecbnographorum
1086 692 1186 753 opera
1223 675 1320 754 parvi

146 777 339 844 aestimasse
370 795 469 859 supra
492 776 643 861 diximus,
675 776 741 843 nisi
764 778 848 857 quod
878 779 969 843 illum
992 778 1028 843 in
1050 778 1112 845 bac
1136 797 1321 860 quoquere

146 957 327 1025 interipsum
345 962 375 1011 et
392 955 539 1010 Caecilium
557 954 756 1010 intercessisset
775 955 927 1021 discrimen,
939 955 1115 1011 vehementer
1133 957 1321 1013 adversarium

148 1063 172 1100 c.
190 1046 214 1100 Ι.
234 1045 389 1114 carpsisset,
416 1044 446 1098 in
471 1061 524 1111 quo
548 1050 640 1098 tamen
658 1043 687 1097 id
712 1059 794 1098 unum
818 1045 1001 1112 reprehendit,
1029 1046 1101 1112 quod
1126 1045 1184 1100 eius
1209 1046 1321 1102 libellus

145 1130 348 1207 ταπεινότερος
369 1142 419 1211 τῆς
441 1128 526 1210 ὅλης
548 1131 719 1202 ὑποθέσεως
737 1132 764 1186 b.
784 1148 807 1188 e.
820 1132 1170 1201 imperfectusnecprorsus
1179 1134 1320 1190 absolutus

147 1223 216 1292 luit,
240 1222 379 1295 ceteroqui
399 1237 459 1276 curn
474 1221 534 1275 eius
552 1220 698 1289 hypothesi
719 1222 874 1277 consentire
893 1222 1005 1277 ridetur
1024 1238 1139 1290 eumque
1150 1222 1238 1301 αὐτῆς
1270 1232 1322 1301 τῆς

146 1315 275 1382 ἐπινοίας
297 1314 346 1371 καὶ
378 1313 503 1387 σπουδῆς
526 1304 605 1380 άξιον
635 1314 762 1369 ἐπαινεῖν
784 1309 891 1378 putat.“
928 1311 1020 1378 Atque
1044 1318 1077 1365 ut
1095 1312 1189 1379 eodem
1214 1313 1318 1377 ordine,

147 1418 201 1470 qno
220 1400 348 1471 apposuit
365 1400 497 1462 Bassia,
516 1414 612 1452 canses
630 1399 761 1463 refellam,
780 1414 891 1466 prorsus
909 1415 980 1467 nego
1018 1401 1198 1480 τεχνολογίαν
1234 1401 1320 1457 imese

147 1489 262 1545 Caecilii
279 1488 408 1542 libellum·
445 1485 547 1541 Debuit
566 1503 623 1541 esse
642 1486 820 1555 technologia
837 1502 871 1541 ex
892 1487 1105 1556 Pseudolongini
1124 1489 1268 1552 sententia,
1289 1496 1321 1546 at

147 1578 284 1642 nonfuit,
311 1593 372 1631 cum
400 1591 469 1643 quae
496 1591 625 1630 summam
653 1575 794 1630 efficerent
821 1576 1019 1644 technologiae.
1048 1577 1109 1645 ipsa
1136 1584 1319 1647 praeceptae

148 1667 267 1721 Caecilio
286 1671 377 1719 essent
395 1663 510 1719 omissa:
530 1662 578 1744 εἴγ’
603 1666 650 1723 ἐπὶ
676 1660 799 1740 πάσης
820 1665 999 1743 τεχνολογίας
1021 1669 1125 1726 δυεῖν
1147 1665 1319 1745 άπαιτουμέ-

146 1778 213 1827 των,
236 1751 378 1832 προτέρου
399 1753 451 1830 μὲν
473 1763 524 1812 τοῦ
539 1750 638 1824 δεῖξαι,
661 1755 693 1812 τί
711 1750 745 1813 τδ
761 1752 953 1827 ὑποκείμενον,
978 1758 1111 1831 δευτέρον
1126 1755 1157 1814 δὲ
1172 1765 1207 1832 τῇ
1228 1753 1316 1828 τάξει,

147 1854 182 1922 τῇ
212 1841 362 1920 δυνάμει
392 1842 428 1902 δὲ
459 1844 710 1920 κυριωτέρου,
749 1851 817 1910 πῶς
855 1839 892 1901 da
924 1842 987 1920 ἡμῖν
1017 1852 1101 1903 τοῦτο
1132 1845 1180 1902 καὶ
1209 1847 1249 1902 δι’
1275 1839 1316 1905 ὧν

148 1956 264 1994 τινων
292 1928 468 2010 μεθόδων
497 1927 628 2008 κτητὸν
655 1934 772 2014 γίνοιτο,
806 1925 883 2009 ὅμως
913 1931 929 1991 ὁ
952 1933 1089 2002 Κεκίλιος
1111 1942 1193 1991 ποῖον
1215 1934 1265 2007 μίν
1287 1955 1315 1991 τι

147 2019 270 2102 ὑπάρχει
292 2018 326 2079 τὸ
348 2016 459 2098 ὑψηλὸν
473 2016 522 2079 διά
544 2021 653 2096 μορίοιν
675 2014 753 2079 ὅσων
775 2017 812 2087 ὡς
840 2018 975 2098 ἀγνοοῦσι
1005 2030 1143 2100 πειρᾶται
1166 2017 1316 2094 δεικνύναι,

146 2108 228 2172 τὸδὲ
244 2104 382 2170 aldrov
403 2105 543 2186 rodaco
564 2104 632 2177 τάς
655 2111 791 2168 ἑαυτῶν
815 2105 949 2185 φάσεις
971 2106 1156 2189 προάγειν
1179 2107 1318 2189 ἰσχύοι-

148 2223 213 2277 μεν
236 2195 280 2258 dn
303 2201 352 2268 εἰς
381 2194 504 2274 ποσὴν
526 2199 718 2276 μεγέθους
748 2199 923 2257 ἐπίδοσιν
946 2196 997 2258 οὐκ
1019 2195 1067 2258 οἶδ
1088 2193 1167 2267 ὅπως
1189 2197 1227 2267 ὡς
1249 2197 1318 2258 οὐκ

147 2287 304 2368 ἀναγκαῖον
316 2287 481 2366 παρέλιπεν.
506 2286 576 2354 Quid
593 2286 677 2341 vero?
696 2285 933 2356 Pseudolonginus
944 2302 1008 2341 nium
1026 2287 1055 2341 id
1073 2303 1157 2341 uuum
1173 2289 1318 2356 reprehen-

147 2377 199 2442 dii,
218 2378 288 2444 du⁰d
302 2375 414 2431 Caecilii
431 2374 540 2429 libellus
553 2375 591 2428 sii
599 2372 803 2450 ταπεινότερος
811 2385 860 2451 τῆς
869 2371 934 2451 ὅλης
947 2374 1125 2443 incuicare?
1148 2377 1222 2443 (λοσε
1234 2378 1319 2432 verba

146 2480 212 2520 saue
222 2466 345 2533 equidem
357 2464 440 2533 paulo
453 2463 536 2517 aliter
555 2478 684 2517 conversa
696 2463 781 2518 velim
790 2470 874 2530 atque
887 2463 1009 2515 Brzcska
1026 2463 1112 2516 vertit
1120 2479 1273 2530 nequeeam
1284 2465 1318 2519 ob

144 2570 202 2609 rem
221 2560 288 2621 pnto
308 2554 420 2608 Caecilii
447 2553 569 2607 libellum
596 2569 620 2606 a.
639 2552 791 2621 Pslougino
817 2567 875 2606 esse
901 2550 1096 2619 vituperatum,
1127 2552 1199 2618 quod
1217 2552 1318 2608 fuisset

147 2641 343 2709 „imperfectus
361 2656 410 2695 uec
422 2658 532 2709 prorsus
544 2641 701 2696 absolutus“
721 2642 769 2696 aed
788 2640 852 2708 qnia
870 2639 958 2707 impar
969 2639 1068 2693 fnisset
1080 2640 1168 2694 totius
1185 2640 1318 2696 materiae

146 2730 333 2800 magnitudini
370 2730 597 2798 complectendae.
644 2728 749 2797 Quibus
773 2728 865 2784 verbis
894 2744 955 2783 cum
981 2728 1151 2798 Pslonginus
1183 2746 1238 2784 non
1276 2730 1318 2785 ita

145 2820 319 2876 mediocriter
336 2819 487 2873 adversarii
505 2819 616 2888 ingenio
629 2819 697 2874 milii
709 2819 840 2873 videatur
862 2817 1066 2883 obtrectavisse,
1086 2817 1229 2886 opprobria
1239 2818 1319 2873 addit

146 2908 235 2964 cuivis
253 2908 381 2978 scriptori
399 2906 523 2976 profecto
542 2907 715 2976 gravissima,
742 2924 802 2961 cum
821 2907 926 2961 diceret
951 2913 1035 2975 ceput
1051 2907 1182 2961 materiae
1208 2907 1317 2963 omnino

144 3012 200 3054 uon
218 2998 349 3067 attigisse
367 2996 514 3052 Caecilium
533 3011 620 3063 neque
637 2997 754 3052 multum
772 2995 906 3050 utilitatis
924 2996 1050 3050 attulisse
1069 2996 1118 3062 eis,
1137 2996 1183 3063 qui
1202 3013 1316 3064 opuscu-

145 3088 203 3141 lum
221 3088 353 3156 legerent
392 3081 604 3167 (ταπεινότερον
639 3082 731 3163 ἐφάνη
758 3131 765 3144 .
800 3136 806 3150 ,
842 3130 848 3144 .
880 3087 929 3143 καὶ
965 3079 1067 3162 ἥκιστα
1104 3093 1160 3145 τῶν
1197 3087 1317 3163 καιρίων

145 3171 346 3257 ἐφαπτόμενον
368 3172 402 3233 οὐ
424 3172 530 3247 πολλὴν
553 3196 584 3235 τε
601 3174 748 3252 ὠφέλειαν,
773 3168 805 3251 ἧς
827 3169 955 3250 μάλιστα
979 3177 1027 3233 δεῖ
1045 3169 1243 3253 στοχάζεσθαι
1265 3170 1317 3234 τὸν

146 3257 307 3341 γράφοντα,
331 3271 498 3338 περιποιοῦν
512 3274 574 3331 τοῖς
589 3258 787 3343 ἐντυγχάνουσι
802 3285 828 3322 κ.
844 3283 870 3321 τ.
886 3260 923 3346 λ.)
970 3261 1083 3317 Caecilii
1094 3263 1182 3331 igitur
1194 3262 1317 3317 libellum

145 3356 291 3418 postquam
309 3350 410 3405 acriter
428 3349 610 3419 reprehendit,
629 3367 690 3405 eum
703 3356 801 3420 pergat
820 3350 923 3405 dicere:
947 3347 1020 3428 πλὴν
1042 3349 1113 3420 abac
1134 3352 1245 3410 τουτονὶ
1267 3348 1317 3410 τὸν

146 3431 238 3513 άνδρα
261 3436 311 3515 οὐχ
333 3434 425 3506 οὕτως
447 3440 680 3500 ostracoderma
702 3440 923 3517 ἐκλελειμμένον
945 3438 982 3508 ὡς
1004 3437 1092 3515 αὐτῆς
1114 3446 1165 3515 τῆς
1187 3441 1316 3509 ἐπινοίας

145 3525 195 3585 καὶ
218 3528 345 3599 σπουδῆς
367 3521 448 3595 άξιον
471 3529 607 3596 ἐπαινεῖν,
640 3527 701 3593 quis
728 3533 778 3593 est,
807 3528 872 3595 quin
903 3525 1102 3582 acerbissimam
1129 3526 1245 3584 nomam
1272 3527 1316 3582 his

145 3611 238 3667 verbis
257 3609 346 3664 efflari
365 3614 486 3669 sentiet?
523 3616 624 3668 l'erum
649 3615 678 3669 id
696 3631 729 3670 ex
747 3615 893 3685 Pelongini
911 3615 1115 3683 vituperatione
1139 3617 1209 3671 satis
1227 3616 1315 3671 elucet
1373 3674 1382 3683 ,

145 3698 294 3755 Caecilium
322 3697 424 3753 idcirco
450 3708 596 3771 praecepta
622 3701 804 3759 sublimitatis
833 3720 887 3759 non
905 3703 1018 3770 dedisse,
1043 3704 1108 3772 quia
1126 3704 1239 3760 inutilia
1256 3720 1315 3760 esse

144 3795 256 3860 putaret
279 3783 328 3870 (ὡς
350 3785 401 3846 οὐκ
425 3787 580 3868 ἀναγκαῖον
602 3788 789 3878 παρέλιπεν);
811 3809 880 3861 quac
906 3810 965 3848 cum
994 3794 1037 3848 ita
1055 3793 1111 3848 sint
1130 3809 1185 3848 non
1212 3792 1315 3858 dubito,

145 3877 212 3947 (1¹15ss
230 3874 313 3930 Verba
331 3889 388 3942 ⁰21)-
408 3872 432 3926 2·
451 3876 516 3932 illst*
549 3890 682 3960 γεννᾶται
712 3878 776 3960 γάρ,
812 3884 892 3964 φησί,
927 3881 965 3941 τά
998 3884 1164 3963 μεγαλοφυῆ
1197 3885 1247 3943 καὶ
1281 3880 1315 3943 οὗ

147 3962 271 4028 διδακτά
294 3965 483 4044 παραγίνεται
507 3990 531 4027 κ.
555 3989 580 4027 τ.
603 3970 628 4028 λ.
652 3970 687 4024 ad
700 3969 846 4023 Caecilium
859 3969 1001 4025 referenda
1013 3971 1078 4026 sint.
1096 3972 1166 4026 Nam
1178 3971 1315 4040 explicant

145 4054 325 4124 oneratione
343 4055 440 4109 ductus
468 4054 590 4112 omiserit
626 4057 762 4114 Caecilius
780 4058 934 4127 perquirere
943 4061 993 4128 „di
1013 4053 1051 4120 ὧν
1072 4082 1157 4119 τινοιν
1178 4057 1315 4136 μεθόδων

146 4142 247 4222 κτητὸν
279 4140 388 4223 γίνοιτο
421 4144 467 4222 (ec-
490 4136 524 4200 ιδ
554 4140 650 4226 ὕψος)
688 4146 777 4212 Quare
795 4147 975 4214 supplendum
995 4154 1036 4201 est
1054 4149 1090 4201 ad
1107 4148 1221 4203 uerbum
1244 4150 1318 4226 φησί

144 4249 243 4287 nomen
262 4231 393 4300 Caecilii,
421 4244 508 4294 neque
528 4232 602 4303 φησί
624 4247 672 4294 pro
697 4234 777 4305 φασί
797 4233 985 4300 accipiendum
1003 4249 1090 4300 neque
1108 4236 1138 4288 in
1164 4239 1243 4314 φασί
1257 4251 1313 4290 mu-

143 4321 257 4375 tandum
276 4326 326 4374 cst.
346 4320 380 4374 ef.
400 4318 529 4372 nartem.
548 4314 566 4366 l.
585 4310 602 4363 l.
621 4326 647 4376 p·
667 4315 709 4366 10.
