3092 4692
751 307 795 374 42

187 500 375 583 exposuisse
419 498 534 568 videor
578 521 685 586 neque
722 505 928 593 Martensii1)
978 506 1175 575 sententiam
1220 512 1361 593 probare

187 624 336 690 possum,
372 609 426 689 qui
460 608 480 673 l.
515 609 535 675 l.
570 631 600 693 p.
638 610 681 678 14
715 631 745 678 n.
781 613 801 676 2
836 633 984 680 mancam
1019 616 1103 681 hanc
1138 615 1360 685 definitionem

188 713 402 797 supplendam
432 733 504 782 esse
534 724 645 785 censet
676 738 717 785 ex
740 721 872 787 Tiberio
900 720 943 806 (p,
967 720 1019 804 39,
1044 721 1098 807 6):
1131 720 1184 793 „vt
1213 721 1254 803 μὴ
1283 722 1361 785 κατὰ

188 818 277 899 φύσιν
299 817 348 881 τὸν
370 831 436 881 νοῦν
458 827 588 902 ἐκφέρειν
602 826 673 903 μηδὲ
696 826 740 886 ἐπ’
765 827 884 898 εὐθείας
900 827 959 887 ἀλλ’
977 833 1124 898 ἐκτρέπειν
1147 834 1197 890 καὶ
1220 828 1360 903 ἐξαλλάσ-

187 948 250 987 σειν
272 924 322 1004 τὴν
352 925 483 988 διάνοιαν
512 928 623 1008 κόσμου
648 955 725 1003 τινος
746 943 781 1012 τῇ
811 932 918 995 πλάσει
942 934 960 1014 ἢ
981 939 1078 1015 χρείας
1106 934 1189 996 ἕνεκα
1217 961 1243 998 κ,
1267 959 1292 997 τ.
1315 939 1361 997 l„“

187 1031 271 1100 Num
295 1051 334 1098 ea
356 1033 470 1118 forma,
500 1053 562 1115 qua
584 1038 709 1104 tradita
733 1047 794 1122 est,
820 1040 1039 1107 definitionem
1069 1040 1161 1107 illam
1185 1061 1203 1108 e
1228 1043 1362 1110 Caecilii

187 1139 272 1207 libro
296 1146 457 1221 sumptam
473 1160 544 1209 esse
565 1162 668 1225 neque
684 1145 859 1227 quidquam
883 1146 1044 1213 excidisse
1060 1165 1101 1213 ax
1115 1147 1361 1230 insequentibus

190 1249 301 1314 verbis
324 1247 595 1315 Phoebammonis
618 1251 735 1334 elucet,
770 1254 827 1332 qui
858 1260 891 1319 et
924 1253 995 1336 ipse
1024 1255 1059 1320 in
1089 1273 1129 1320 ea
1163 1253 1360 1340 offendebat,

191 1372 265 1421 cum
287 1355 351 1419 hoc
373 1354 467 1420 modo
483 1354 591 1422 dicere
605 1366 778 1441 pergeret:
804 1357 857 1442 ‚ab
872 1355 921 1420 οὖν
940 1357 980 1439 μὴ
1002 1357 1181 1438 κατὰφύσιν
1204 1362 1238 1422 οὐ
1261 1360 1360 1435 καλόν,

186 1458 222 1523 τὸ
233 1462 264 1522 δὲ
282 1457 334 1545 (μὴ
346 1458 446 1544 καλὸν)
466 1460 559 1541 τροπή
570 1468 647 1524 ἐστιν
659 1467 706 1524 ἐπὶ
728 1463 762 1525 τὸ
784 1466 913 1551 perpera)
960 1467 1109 1533 Alteram
1128 1472 1232 1533 autem
1245 1468 1362 1534 defini·

188 1569 310 1634 tionem
328 1585 369 1631 ex
393 1567 511 1634 studiis
526 1570 714 1637 aestheticis
731 1570 866 1637 fluxisse
882 1571 1091 1640 manifestum
1103 1579 1164 1639 est.
1211 1575 1290 1639 Nam
1304 1578 1363 1656 qui

188 1677 289 1739 antea
312 1672 568 1755 qualemcunque
592 1679 749 1744 sermonis
772 1677 890 1744 flexum
913 1679 1035 1745 lortea
1058 1678 1197 1762 simplici
1212 1680 1362 1749 oratione

189 1781 419 1847 abhorrentem
450 1780 538 1846 inter
559 1783 682 1866 figuras
714 1786 888 1851 rettulerat
916 1786 1027 1851 rhetor
1057 1788 1123 1852 iam
1147 1786 1190 1852 ad
1214 1795 1362 1855 oratores

189 1886 430 1970 percensendus
453 1906 641 1974 aggressus,
673 1910 746 1957 cum
777 1893 979 1974 singulorum
1003 1911 1103 1973 opera
1126 1899 1363 1975 pertractasset

189 1994 460 2077 cognovissetque
482 1997 679 2061 uetustiores
703 2015 830 2078 quoque
853 2002 1001 2063 oratores
1023 1999 1106 2063 etin
1129 1999 1281 2065 excultae
1296 2000 1361 2066 elo-

188 2100 342 2181 quentiae
377 2099 503 2165 artibus
536 2101 642 2185 rudes,
679 2105 743 2168 etsi
773 2103 946 2185 permultis
976 2104 1153 2186 figurarum
1187 2108 1363 2189 generibus

190 2210 351 2287 carerent,
383 2209 491 2271 tamen
527 2206 718 2288 quibusdam
754 2211 887 2290 saepius
910 2211 968 2293 uti,
1005 2228 1042 2276 eo
1078 2209 1176 2276 facile
1200 2212 1362 2278 adductus

190 2316 251 2393 est,
287 2315 323 2375 ut
357 2317 504 2393 comptae
538 2321 571 2380 et
605 2321 740 2382 ornatae
776 2315 934 2382 orationis
968 2335 1113 2383 normam
1148 2335 1214 2383 non
1237 2318 1363 2400 figuras

189 2417 279 2500 ipsas
303 2424 463 2484 statueret
478 2419 668 2502 saepissime
684 2424 846 2503 genuinae
862 2422 1067 2503 eloquentiae
1082 2424 1206 2504 impetu
1222 2425 1363 2505 quodam

190 2525 346 2606 prolatas,
371 2525 439 2611 sed,
457 2545 519 2607 quo
536 2526 693 2594 evaderet
716 2538 789 2595 arte
806 2535 841 2595 et
864 2528 999 2595 consilio
1017 2549 1073 2596 eas
1096 2549 1168 2597 esse
1184 2529 1362 2613 adhibitas,

189 2627 224 2690 oi
247 2634 418 2707 ἐμμένουσι.
464 2636 578 2700 Artem
612 2634 715 2718 igitur
744 2642 779 2702 et
813 2635 983 2701 consilium
1017 2656 1091 2701 num
1119 2636 1154 2702 iu
1177 2636 1364 2703 sententiae

189 2735 305 2820 liguris
335 2736 576 2823 adhibuissent,
613 2760 684 2806 cum
718 2742 751 2807 in
787 2742 924 2826 singulis
964 2743 1151 2810 oratoribus
1185 2742 1364 2824 diligenter

189 2844 403 2927 perquireret,
447 2862 511 2910 nun
553 2849 657 2914 solum
698 2848 933 2930 Antiphontem
975 2849 1182 2931 dopqpavtcvp
1216 2847 1364 2914 oratione

189 2971 283 3018 usum
307 2969 380 3017 esse
409 2949 541 3017 videtur
567 2956 734 3037 statuisse,
766 2955 826 3020 sed
856 2954 954 3020 etiam
978 2955 1187 3037 Andocidem,
1216 2954 1363 3038 Lysiam,

189 3057 221 3126 si
243 3057 370 3138 quidem
404 3058 475 3124 iure
509 3057 549 3124 ad
581 3058 756 3125 Caecilium
788 3060 1006 3126 revocandum
1041 3062 1105 3126 erit
1142 3061 1364 3143 fragmentum

190 3164 281 3247 illud,
307 3183 367 3247 quo
382 3165 512 3231 Isaeum
537 3165 675 3248 primum
691 3166 872 3232 orationem
896 3167 1011 3248 liguris
1035 3165 1212 3233 artificiose
1228 3185 1364 3234 ornasse

300 3341 323 3408 ¹)
343 3343 455 3398 Errasse
473 3342 540 3397 mihi
558 3343 669 3399 videtur
681 3344 846 3399 Martensius
859 3344 1068 3411 Quintilianum,
1081 3344 1230 3410 Tiberium,
1249 3351 1362 3409 ceteros,

192 3429 254 3484 sine
267 3431 349 3487 dubio
362 3432 476 3488 Caecilii
496 3434 533 3487 de
551 3432 566 3486 i
570 3433 688 3502 iguris
701 3434 823 3489 libellum
837 3440 944 3490 secutos
957 3449 1015 3489 esse
1027 3441 1104 3488 ratus
1118 3434 1149 3498 (l.
1162 3434 1180 3487 1.
1193 3450 1219 3502 p.
1233 3433 1275 3485 14.
1284 3431 1364 3500 n.1.).

194 3519 318 3585 Apparet
336 3521 407 3575 enim
426 3537 485 3576 mea
504 3521 613 3590 quidem
625 3523 762 3577 sententia
781 3540 815 3578 ex
834 3523 1035 3591 comparatione
1048 3521 1176 3588 locorum,
1196 3538 1263 3590 quos
1282 3537 1365 3590 supra

192 3605 278 3676 posui,
314 3607 514 3674 Quintilianum
546 3611 681 3666 rationem
715 3609 839 3665 habuisse
873 3610 937 3666 libri
963 3608 1076 3666 Caecilii
1105 3611 1139 3664 de
1167 3611 1257 3664 decem
1279 3614 1363 3665 oratt.

192 3694 301 3763 scripti:
322 3710 401 3762 quem
419 3705 514 3756 notum
526 3699 552 3755 ei
570 3699 654 3756 fuisse
672 3698 852 3767 indequoqne
871 3700 1025 3764 concludas,
1039 3699 1110 3768 quod
1123 3714 1252 3755 canonem
1272 3702 1364 3754 decem

193 3788 279 3841 orett.
298 3790 392 3852 aperte
409 3787 530 3844 nominat
547 3790 581 3855 X,
600 3788 624 3855 1,
644 3785 688 3842 76.

300 3888 324 3956 ²)
343 3891 424 3958 Apud
442 3893 553 3963 Dionys.
571 3911 626 3951 vox
653 3890 876 3975 ἀσχημάτιστος,
899 3894 929 3949 ni
954 3894 1043 3960 fallor,
1073 3911 1128 3950 uuo
1155 3894 1215 3948 loco
1245 3890 1366 3948 occurrit

194 3981 259 4037 libri
284 3977 395 4035 secundi
413 4000 444 4037 νι.
466 3980 620 4058 μιμήσεως,
644 4000 724 4050 quem
741 3982 886 4038 transtulit
907 3984 966 4051 ipse
984 3982 1101 4051 scriptor
1122 3982 1152 4036 in
1170 3981 1310 4050 epistulam
1328 3980 1366 4033 ad

195 4068 244 4124 On.
262 4069 358 4136 Pomp.
382 4080 404 4118 c.
423 4065 448 4117 b.
467 4081 494 4132 p.
513 4067 572 4122 781.
609 4072 702 4138 Neque
724 4087 791 4127 vero
814 4088 845 4126 eo
871 4088 953 4127 seusu
977 4086 1072 4125 vocam
1100 4084 1230 4139 usurpare
1253 4069 1366 4122 videtur

194 4155 342 4223 Dionysius
360 4168 413 4219 quo
426 4150 569 4205 Caecilius·
606 4158 759 4226 Opponitur
771 4159 844 4213 enim
857 4156 1025 4226 Thucydidis
1038 4158 1124 4212 dictio
1137 4174 1197 4211 eum
1210 4156 1366 4212 elocutione

195 4241 309 4297 Philisti
327 4242 379 4296 h⁰⁰
397 4238 490 4292 modo:
509 4237 526 4312 ἡ
546 4240 598 4312 μὲν
620 4242 675 4320 γὰρ
698 4242 747 4328 (80·
773 4243 961 4327 Θουκυδίδου)
985 4242 1094 4322 πλήρης
1116 4243 1271 4324 σχημάτων
1294 4290 1301 4304 .
1325 4296 1333 4309 .
1357 4290 1366 4304 .

195 4329 266 4407 ἡδὲ
291 4330 430 4390 Φιλίστου
453 4320 560 4400 φράσις
584 4325 713 4405 ὁμοειδὴς
735 4341 819 4391 πᾶσα
842 4336 938 4400 δεινῶς
959 4335 1008 4391 καὶ
1040 4329 1255 4412 ἀσχημάτιστός
1278 4337 1367 4391 ἐστιν.
