3092 4692
773 286 817 354 37

206 481 379 564 glexissel
425 485 524 550 Acuti
548 484 632 550 enim
656 484 763 549 critici
787 502 918 550 munere
941 482 1117 550 Caecilium
1141 503 1212 550 esse
1234 485 1379 551 functum

206 589 426 670 compluribus
461 587 654 672 fragmentis
690 589 962 675 comprobatur31)
1004 595 1151 655 attamen
1181 589 1378 675 neglexisse,

208 693 305 760 immo
341 714 406 760 non
440 696 572 761 novisse
595 694 789 778 Dionysium
824 696 932 762 studia
961 698 1031 762 eius
1055 695 1171 762 critica
1193 715 1257 761 non
1291 696 1377 780 inde,

207 800 291 880 quod
315 803 350 866 in
372 803 484 882 paucis
507 800 583 885 illis,
616 820 699 882 quae
723 807 905 884 supersunt,
929 800 1078 885 Dionysii
1102 801 1233 883 scriptis
1256 801 1379 868 criticis

206 925 321 972 nomen
342 906 474 973 Caecilii
497 925 661 988 nunqnam
686 912 963 992 commemoratur,
988 908 1045 974 sed
1069 907 1195 973 dnobus
1219 907 1378 991 graviori·

206 1015 266 1077 hus
290 1015 489 1094 argumentis
519 1032 571 1079 me
605 1015 786 1080 evicturum
818 1033 889 1080 esse
916 1033 1018 1095 spero.
1065 1012 1206 1096 Quorum
1238 1013 1377 1096 primurn

207 1118 327 1184 nititur
346 1118 532 1185 testimonio
546 1119 686 1186 Libanii.
728 1120 764 1186 Is
777 1122 861 1185 enim
875 1120 1104 1187 adorationem
1120 1123 1186 1200 περὶ
1196 1116 1377 1204 Ἁλοννήσου,

206 1230 374 1305 postquam
407 1243 522 1292 causas
552 1224 710 1310 exposuit,
748 1244 806 1292 cur
830 1227 1040 1292 Demostheni
1071 1227 1150 1291 haec
1182 1224 1284 1291 oratio
1313 1244 1378 1291 non

207 1332 252 1397 sit
266 1331 447 1414 tribuenda,
464 1334 545 1397 haec
565 1333 702 1397 adnotat
717 1331 762 1415 (p.
777 1330 833 1414 753
849 1330 913 1415 frg.
931 1332 973 1396 18
989 1330 1166 1418 Burckh.):
1191 1326 1378 1392 ischaemon

207 1438 238 1497 δὲ·
261 1440 309 1496 καὶ
333 1443 361 1497 οἱ
382 1435 571 1519 πρεσβύτεροι
592 1435 641 1499 τὸν
664 1435 747 1519 λόγον
769 1439 808 1509 ὡς
830 1439 864 1498 οὐ
893 1448 944 1499 τοῦ
966 1435 1087 1518 ῥήτορος
1109 1441 1158 1498 καὶ
1181 1434 1381 1516 ποφωράκασί

205 1548 238 1624 γέ
260 1565 334 1614 τινες
358 1539 428 1606 ὄντα
443 1544 627 1625 Ἡγησίππου
650 1548 699 1605 καὶ
723 1543 1031 1624 drivastinensem
1054 1541 1144 1625 λόγων
1168 1540 1296 1630 (τοιαύτῃ
1319 1541 1373 1623 γὰρ

206 1652 351 1733 κέχρηται)
376 1653 425 1710 καὶ
453 1648 512 1711 ἀπὸ
544 1660 599 1711 τῶν
631 1648 810 1732 πραγμάτωο
840 1675 865 1711 κ.
888 1672 913 1712 ο.
937 1653 961 1711 λ.
1007 1651 1088 1717 Jure
1120 1654 1227 1717 alitem
1252 1651 1375 1715 Burck·

207 1757 355 1821 hardtius
378 1758 563 1838 suspicatus
593 1763 645 1822 est
668 1756 702 1843 (l.
726 1760 747 1823 l.
771 1776 804 1838 p.
829 1755 895 1843 35.)
918 1757 1069 1839 Libanio,
1104 1776 1175 1822 oum
1199 1756 1381 1823 nominaret

206 1860 272 1933 τοὺς
294 1866 512 1943 πρεσβυτέρους,
542 1869 618 1930 ante
650 1866 758 1929 oculos
782 1866 921 1930 maxime
944 1865 1154 1930 obversatum
1178 1882 1249 1929 esse
1270 1862 1379 1930 Caeci-

206 1969 300 2055 lium,
331 1969 525 2051 Dionysium
549 1971 634 2035 enim
664 1969 777 2036 iudicii
800 1977 967 2036 auctorem
1001 1990 1064 2035 non
1087 1970 1271 2035 habendum
1295 1987 1376 2053 esse,

207 2075 271 2159 qui,
296 2077 445 2156 quanvis
477 2078 654 2142 orationem
678 2077 719 2143 de
743 2079 930 2144 Halonneso
955 2078 1118 2142 sceleris
1148 2076 1247 2142 valde
1273 2076 1378 2141 diver·

207 2201 275 2248 sam
293 2200 365 2248 esse
381 2202 444 2248 non
460 2184 636 2266 ignoraret,
654 2190 763 2250 tamen
779 2203 843 2250 non
856 2184 1078 2249 abiudicasset
1089 2204 1109 2248 a
1120 2181 1378 2266 Demosthenen)

207 2291 315 2369 Atque
338 2293 566 2355 commemorat
585 2289 763 2371 Dionysius
788 2291 966 2356 orationem
997 2292 1062 2368 περὶ
1079 2285 1251 2368 Ἁλοννήσου
1273 2287 1378 2354 trihus

205 2394 297 2477 locis,
333 2414 467 2476 quorum
502 2397 626 2477 primus
663 2402 774 2462 exstat
807 2398 841 2462 in
879 2397 1020 2478 epistula
1053 2396 1095 2461 ad
1129 2397 1317 2462 Aminaeum
1351 2395 1377 2460 Ι.

206 2520 233 2565 c.
260 2498 309 2566 10.
332 2521 362 2582 p.
387 2499 468 2584 7373
491 2504 575 2568 alter
598 2501 639 2567 de
661 2504 827 2569 Demosth.
852 2523 877 2569 c.
901 2503 930 2568 9.
956 2523 987 2584 p.
1012 2501 1085 2565 981.
1109 2520 1168 2583 sq.;
1199 2499 1315 2567 tertius
1338 2500 1378 2565 de

205 2608 372 2673 Demosth.
392 2627 417 2673 c.
444 2607 495 2672 13.
520 2628 550 2690 p.
576 2607 658 2674 993:
684 2610 799 2689 quihus
815 2609 897 2674 locis
921 2627 1001 2674 sane
1017 2613 1155 2689 apparet
1170 2606 1374 2691 Dionysium,

205 2730 280 2776 num
303 2712 515 2780 Demostheni
543 2721 631 2781 esset
652 2716 826 2781 tribuenda
860 2714 963 2781 oratio
995 2714 1053 2781 illa
1075 2713 1249 2796 Lysiacum
1273 2712 1378 2795 magis

205 2836 299 2898 quam
323 2820 606 2885 Demosthenicum
641 2820 769 2886 dicendi
797 2838 898 2903 genus
927 2821 1107 2903 ostendens,
1142 2839 1183 2885 ne
1212 2818 1376 2884 minimum

205 2924 334 3004 quidem
369 2925 593 2991 addubitasse.
648 2926 742 3010 Quod
777 2925 804 2993 si
838 2933 927 2992 recte
961 2928 1086 2992 censuit
1119 2926 1377 2992 Burokhardtius

205 3031 382 3096 Caecilium
404 3031 583 3115 Hegesippi
608 3051 679 3099 esse
702 3031 883 3098 orationem
910 3032 1000 3098 illam
1024 3034 1162 3114 primum
1185 3031 1377 3113 cognovisse

206 3139 466 3218 sententiamque
499 3157 589 3203 suam
619 3141 717 3205 certis
748 3138 947 3221 argumentis
975 3137 1164 3205 aestheticis
1196 3145 1230 3203 et
1253 3136 1375 3204 criticis

208 3243 437 3327 confirmasse,
462 3262 537 3309 num
562 3244 705 3310 dubitari
743 3253 861 3330 potest,
895 3245 972 3326 quin
1003 3243 1187 3327 Dionysius,
1216 3243 1245 3310 si
1267 3250 1375 3310 aetate

206 3348 347 3414 Caecilio
370 3349 505 3415 inferior
527 3351 651 3435 fuisset,
683 3352 855 3418 familiaris
878 3352 929 3419 sui
953 3352 1135 3435 opinionem
1166 3353 1207 3417 de
1230 3349 1378 3417 oratione

203 3456 262 3520 illa
285 3460 341 3522 aut
363 3461 552 3538 recepturus
583 3463 641 3524 aut
665 3457 859 3525 defensurus
883 3460 1012 3527 fuerit?
1057 3459 1103 3525 At
1133 3458 1217 3538 quod
1240 3477 1281 3523 ne
1312 3478 1376 3523 unc

205 3562 333 3642 quidem
356 3564 456 3630 verbo
481 3563 614 3631 Caecilii
636 3564 832 3646 perstrinxit
854 3568 1050 3632 sententiam
1074 3565 1156 3630 satis
1179 3563 1257 3629 mihi
1280 3565 1374 3629 docn-

205 3673 313 3732 mento
330 3686 403 3733 esse
419 3668 548 3736 videtur
563 3670 610 3737 eis
627 3672 838 3756 temporibus,
863 3671 978 3753 quihus
995 3669 1173 3754 Dionysius
1193 3672 1375 3752 scripturus

205 3781 277 3840 erat
308 3778 556 3844 commentarios
585 3778 624 3844 de
652 3779 871 3845 Demosthene
903 3796 1008 3858 neque
1043 3777 1151 3843 studia
1175 3776 1309 3845 Caecilii
1340 3778 1372 3841 in

313 3969 336 4037 1)
355 3973 474 4031 aurem.
493 3974 567 4042 agg.
588 3973 666 4041 1—3,
685 3973 781 4042 o-n,
802 3973 915 4039 ra-ao,
934 3971 976 4038 aa,
996 3973 1038 4028 aa.

311 4057 497 4126 herennium
525 4061 597 4117 inter
625 4064 791 4118 vetustiores
817 4063 880 4119 illos
908 4064 1030 4120 homines
1058 4065 1168 4120 criticos
1195 4061 1311 4117 maxime
1332 4077 1373 4116 re-

205 4148 328 4216 spexisse
347 4151 494 4205 Caecilium
522 4151 574 4205 iam
594 4151 749 4207 Voemelius
778 4153 931 4208 coniecerat
954 4153 982 4207 in
1007 4154 1132 4222 prolegg.
1152 4152 1193 4205 ed.
1222 4167 1286 4206 suae
1305 4147 1375 4202 1833

204 4253 230 4305 p.
256 4235 300 4291 23.
325 4253 351 4291 v.
376 4240 516 4305 Schaeier‚
541 4241 611 4294 Dcm.
636 4256 661 4293 u.
680 4257 699 4291 s.
728 4241 784 4290 Zeit
814 4242 856 4296 Πι
875 4259 902 4310 p.
930 4242 982 4297 413
1010 4259 1035 4297 n·
1064 4241 1088 4294 1.
1113 4237 1167 4305 (ΙΙ2
1194 4237 1246 4291 441
1274 4255 1300 4294 n.
1328 4237 1374 4307 1.),

204 4326 447 4394 Romania-Elaos,
461 4342 482 4390 9
496 4329 602 4393 philipp.
621 4330 724 4378 Redeo:
744 4331 779 4380 Il.
801 4332 862 4394 Hest
881 4333 901 4382 l.
920 4333 975 4382 Abt.
989 4338 1017 4395 p.
1036 4340 1080 4393 53.
