3092 4692
740 262 784 340 16

655 368 870 377 ...---

173 475 360 541 rhetoribus
385 474 581 539 celebratam
605 479 637 538 et
669 480 822 554 tanquam
854 471 1057 553 eloquentiae
1088 493 1232 539 normam
1256 476 1346 541 habi-

172 581 276 665 tam.¹)
314 582 349 646 Is
362 582 472 646 decem
485 586 646 645 oratorum
661 581 806 646 delectus
817 579 960 645 virorum
978 578 1145 645 doctorum
1160 600 1226 645 non
1241 583 1348 648 nullas

172 689 329 755 excitavit
352 685 598 753 controversias:
645 685 788 767 Quarum
812 705 851 752 ex
874 704 1006 750 numero
1030 686 1244 766 gravissimas
1272 688 1348 754 illas

172 794 310 879 quidem,
335 813 418 875 quae
441 795 574 859 habitae
598 799 675 859 sunt
697 793 737 860 de
760 792 886 876 origine
901 800 934 858 et
958 797 1092 858 auctore
1116 796 1257 877 canonis,
1281 798 1346 861 hoo

171 902 241 967 locu
264 900 438 981 mittimus3
462 918 573 965 verum
596 904 706 965 tamen
731 918 802 963 cum
819 900 858 964 de
875 900 993 964 aetatis
1010 899 1197 966 discrimine
1213 921 1346 983 agamus

172 1007 306 1074 Caecilii
337 1012 370 1073 et
400 1004 559 1088 Dionysii,
588 1005 670 1071 illud
704 1014 817 1071 nostra
850 1005 991 1070 interest
1014 1008 1213 1091 examinare,
1238 1015 1344 1076 utrum

171 1133 274 1181 canon
302 1113 358 1179 1116
381 1134 400 1178 a
424 1113 565 1179 Caeciho
597 1112 733 1193 primum
766 1112 950 1177 nominatus
973 1112 1131 1200 Dionysio
1163 1116 1345 1196 ceterisque

171 1221 240 1287 eius
271 1219 460 1299 aequalibus
491 1226 586 1284 notus
616 1217 716 1284 fuisse
738 1219 888 1284 videatur
910 1237 969 1284 uec
992 1237 1043 1283 ne.
1090 1217 1162 1300 Qua
1179 1222 1219 1286 de
1239 1242 1275 1289 re
1290 1225 1343 1303 qui

169 1326 363 1395 novisssime
384 1332 416 1390 et
438 1325 658 1406 copiosissime
681 1324 835 1391 disseruit
857 1326 889 1390 J.
908 1324 1098 1409 Brzoska2),
1116 1346 1186 1392 oum
1203 1331 1343 1409 probare

170 1435 302 1501 studeat
325 1433 458 1499 decadis
474 1452 503 1498 a.
522 1432 594 1496 125.
611 1452 638 1498 a.
658 1431 730 1497 Chr.
749 1431 947 1513 compositae
970 1434 1057 1498 viros
1074 1433 1196 1515 doctos,
1214 1435 1342 1501 etiamsi

168 1562 233 1608 non
267 1548 414 1622 apertam
449 1537 602 1605 fecissent
636 1537 844 1621 mentionem,
879 1543 987 1604 tamen
1022 1538 1152 1605 tacitam
1188 1541 1341 1628 hahuisse

168 1647 338 1731 rationem,
354 1647 451 1711 nimis
471 1645 548 1711 mihi
573 1644 736 1711 iuti-ilibus
760 1653 858 1725 atque
881 1647 1008 1727 argutis
1030 1646 1230 1727 argumentis
1244 1646 1341 1712 inniti

169 1754 298 1821 videtur
321 1772 417 1833 quam
441 1759 478 1818 ut
500 1751 620 1833 possim
645 1752 686 1816 ad
709 1753 905 1818 sententiam
930 1751 998 1816 eius
1023 1751 1186 1818 accedere.
1234 1755 1341 1835 Atque

168 1867 204 1925 ut
228 1860 373 1926 omittam
399 1879 482 1940 quae
507 1860 547 1924 de
563 1859 720 1924 Demetrii
737 1857 903 1940 Magnetis
933 1858 1051 1923 notitia
1076 1859 1207 1924 decadis
1231 1861 1338 1942 dispu-

168 1969 263 2050 tavit,
300 1986 371 2033 cum
403 1965 474 2047 ipse
508 1984 572 2030 non
612 1965 709 2046 plane
746 1965 841 2030 fidem
877 1965 997 2030 habeat
1028 1966 1227 2047 argumentis
1259 1967 1337 2050 suis,

168 2073 275 2139 acrius
297 2072 505 2137 refutandum
535 2071 615 2136 mihi
638 2070 778 2154 videtur,
805 2071 891 2150 quod
915 2071 1108 2152 Dionysium
1132 2076 1338 2152 1161160166-

167 2198 275 2245 ronem
313 2179 355 2243 ad
389 2196 533 2243 normam
568 2178 657 2242 illam
693 2183 861 2258 spectasse
890 2175 981 2242 dixit.
1029 2177 1109 2241 Nam
1144 2198 1208 2244 non
1243 2182 1337 2246 modo

167 2287 237 2353 loco
273 2305 371 2367 supra
410 2286 495 2367 (pag.
532 2285 587 2369 25)
633 2285 733 2350 allato
771 2284 929 2366 Dionysio
969 2287 1166 2352 memorandi
1202 2290 1336 2353 canonis

168 2396 263 2474 copia
301 2392 433 2474 fuisset,
475 2392 533 2456 sed
571 2391 672 2457 mirlto
710 2391 816 2473 magis
855 2392 894 2456 de
932 2392 1027 2456 Isaeo
1067 2412 1093 2456 6.
1132 2389 1181 2456 19.
1206 2412 1236 2473 p.
1272 2392 1336 2458 625

165 2500 215 2583 R,
240 2519 301 2580 quo
324 2501 405 2582 loco,
423 2497 540 2578 quihus
565 2496 673 2562 causis
698 2499 812 2563 (luctus
832 2497 977 2581 Lysiam,
995 2499 1182 2582 Isocratem,
1209 2501 1335 2564 Isaeum

167 2605 330 2687 elegisset,
356 2606 453 2670 claris
468 2606 579 2672 verbis
603 2605 738 2685 aperuit.
785 2606 867 2669 Nam
892 2624 963 2669 oum
987 2604 1020 2670 in
1037 2606 1185 2670 oratione
1208 2608 1335 2686 poetice

166 2718 200 2777 et
222 2710 394 2793 magnifice
418 2711 606 2776 adornanda
622 2713 786 2777 Isocrates
803 2713 950 2776 omnibus
974 2719 1062 2778 esset
1076 2714 1334 2796 praeponendus,
1388 2704 1390 2707 ’

164 2818 311 2885 consulto
328 2834 363 2883 se
374 2817 635 2899 praetermisisse
651 2817 818 2901 Gorgiam,
832 2818 1103 2902 Aloidamantem,
1121 2819 1333 2904 Theodorum,

164 2925 407 3007 Anaximenen,
422 2930 594 3004 praeterea
606 2924 788 2989 imitatores
801 2925 870 2989 eius
883 2926 1110 3006 Theodectem,
1127 2926 1333 3009 Naucratem,

164 3032 347 3114 Ephorum,
372 3031 561 3111 Philistum3
591 3029 624 3094 in
649 3030 852 3095 orationibus
876 3030 1058 3096 forensibus
1083 3050 1153 3096 oum
1178 3031 1334 3097 emineret

161 3138 292 3221 Lysias,
309 3138 495 3218 neglexisse
507 3155 542 3201 se
556 3136 800 3218 Antiphontem,
815 3138 1101 3220 Thrasymachum,
1114 3137 1330 3220 Polycratem,

164 3243 307 3327 Critiam,
326 3243 467 3326 Zoilum;
483 3242 572 3308 Isaei
589 3244 799 3309 serationem
815 3244 976 3326 hahuisse,
996 3243 1071 3325 qnia
1087 3243 1151 3309 sibi
1166 3244 1332 3311 videretur

164 3350 434 3415 Demosthenicae
443 3353 646 3428 eloquentiae
655 3353 779 3418 semina
787 3351 955 3436 1161111163)
978 3351 1330 3434 Quaeuumeratione4)

270 3631 293 3699 ¹)
312 3633 462 3690 Rhetorum
472 3634 637 3701 testimonia,
645 3634 742 3701 quibus
750 3635 968 3691 decadismentio
977 3635 1017 3700 fit,
1028 3637 1144 3691 collecta
1152 3636 1329 3691 inveniuntur

160 3724 189 3778 in
212 3721 306 3777 Maiori
330 3725 556 3781 commentatione
581 3724 613 3778 de
639 3723 779 3778 Andocide
797 3731 904 3792 quarta,
929 3743 953 3793 p.
980 3725 997 3775 5
1029 3725 1176 3794 (=opuso.
1204 3727 1280 3780 acad.
1305 3726 1328 3778 I.

160 3830 185 3881 p.
205 3808 346 3865 123-125
365 3812 469 3867 adnott.
488 3810 595 3881 3-24.)
615 3844 620 3849 .

266 3915 291 3984 2)
310 3917 440 3981 Brzoska,
460 3921 493 3972 (16
512 3935 614 3973 canone
633 3920 724 3973 decem
744 3923 891 3973 oratorum.
927 3920 1040 3974 Vratisl.
1062 3918 1140 3974 1883.

267 4041 289 4111 Β)
309 4042 342 4097 61.
362 4041 397 4094 M.
416 4040 449 4092 Ε.
468 4040 502 4092 Η.
520 4042 614 4109 Meier,
634 4048 775 4098 comment.
795 4046 828 4098 de
848 4046 949 4099 hudoc.
973 4046 1022 4099 IV.
1041 4064 1066 4114 p.
1088 4047 1120 4129 11
1139 4065 1175 4081 =
1194 4062 1284 4114 opusc.
1304 4047 1327 4111 I,

161 4132 212 4187 135
231 4149 270 4201 sq.
618 4166 622 4169 -

267 4236 289 4305 ⁴)
308 4239 396 4293 Juvat
414 4230 464 4286 hoc
482 4227 543 4280 loco
562 4230 657 4285 afferre
677 4234 815 4289 simillima
833 4236 958 4301 Dionysii
977 4238 1062 4292 verba
1080 4255 1149 4306 quae
1167 4245 1279 4295 exstant
1297 4241 1328 4294 in

159 4338 252 4379 comm.
267 4326 300 4380 qs
313 4321 451 4381 Demean.
471 4314 524 4368 058
536 4326 568 4377 p.
586 4309 646 4364 974.
682 4320 909 4374 Priorihrmeuim
924 4324 1058 4388 capitibus
1065 4332 1215 4394 postquam
1227 4337 1326 4396 magno
