3092 4692
765 303 807 367 41

196 504 351 584 misisset,
385 503 414 567 si
436 502 635 566 auctoritate
657 498 776 565 florens
800 498 959 565 Caecilius
989 500 1054 563 iam
1085 498 1208 581 pridem
1240 499 1273 563 in
1297 499 1372 564 Pla·

198 614 310 674 tonem
334 614 422 674 esset
444 607 601 672 invectus.

289 715 393 780 hl'ulto
416 719 525 780 autem
550 713 671 778 clarius
695 730 790 793 quam
817 710 852 777 in
874 710 1007 777 iudiciis
1031 711 1072 777 de
1095 711 1244 778 Platonis
1267 712 1372 778 elocu-

197 822 298 904 tione,
323 838 416 902 qnae,
442 838 513 885 cum
529 818 696 902 Lysianae
719 816 940 899 simplicitatis
955 819 1088 882 nimium
1113 837 1192 898 prae
1215 818 1374 883 scierant

199 945 352 1010 amorem,
383 944 449 991 non
481 926 590 991 aliena
621 923 723 991 fuisse
754 925 905 991 videntur
935 926 977 989 ab
1001 924 1155 989 affectata
1177 924 1317 1004 quadam
1340 929 1374 990 et

197 1032 312 1115 inepta
346 1033 462 1097 summi
492 1030 676 1112 philosophi
701 1030 923 1112 cavillatione,
957 1028 1088 1095 Caecilii
1111 1029 1277 1095 iudicandi
1301 1049 1373 1112 spe·

198 1141 303 1206 cimen
337 1139 432 1204 nobis
466 1142 631 1204 servatum
663 1141 715 1201 est
747 1137 783 1201 in
814 1135 923 1201 Photii
958 1136 1178 1201 bibliothecae
1212 1137 1282 1202 cod.
1306 1135 1372 1202 259

199 1245 244 1329 (p.
276 1244 369 1310 485h
400 1244 515 1324 Beki,
547 1242 611 1324 frg.
641 1240 856 1325 5Burckh.):
891 1241 1013 1322 quoin
1041 1242 1224 1323 ii‘agmento
1249 1242 1373 1310 oriris

199 1351 306 1418 doctis
328 1355 461 1432 propter
491 1349 688 1430 elegantiam
718 1348 855 1413 laudato
879 1347 1049 1424 Caecilius,
1080 1366 1138 1413 cur
1161 1348 1373 1429 Antiphontis

197 1476 378 1524 sermonem
405 1448 625 1522 nominaverit
656 1451 879 1535 ἀσχημάτιστον,
910 1456 971 1519 hoc
1004 1454 1098 1519 modo
1127 1454 1288 1534 explicat:
1320 1455 1373 1528 „oi

195 1574 282 1626 τοῦτο
311 1565 392 1643 λέγω,
424 1566 519 1641 φησίν,
554 1562 591 1630 ὡς
621 1560 702 1622 οὐδὲν
733 1560 895 1640 εὑρίσκεται
933 1563 1063 1630 διανοίαις
1100 1558 1183 1640 παρά
1207 1560 1374 1640 Ἀντιφῶντι

197 1681 303 1751 σχῆμα.
334 1672 384 1729 καὶ
417 1666 472 1748 γάρ
507 1663 641 1747 ἐρώτησίς
670 1689 727 1727 που
760 1670 810 1726 καὶ
848 1664 1028 1746 παράλειψις
1055 1670 1104 1726 καὶ
1137 1666 1221 1746 ἔτερα
1251 1678 1373 1729 τοιαῦτα

180 1775 285 1851 >ε”νεισι
309 1776 398 1836 αἰτοῦ
419 1787 480 1846 τοῖς
502 1771 603 1854 λόγοις.
628 1771 702 1833 diti
725 1777 756 1833 τί
768 1795 857 1855 φημι;
890 1770 932 1833 ότι
955 1770 995 1852 μὴ
1016 1773 1078 1833 κατ’
1104 1772 1282 1850 ἐπιτήδευσιν
1303 1772 1374 1854 μήτε

197 1891 319 1964 συνεχῶς
346 1878 487 1963 ἐχρήσατο
514 1877 633 1963 τούτοις,
666 1879 725 1940 ttt’
759 1877 835 1940 ἔνθα
867 1877 903 1940 bv
935 1880 951 1958 ἡ
988 1876 1075 1958 φάσις
1113 1876 1186 1957 αὐτὴ
1214 1883 1374 1958 μεθοδείας

194 1986 273 2058 τινός
294 1991 381 2069 χωρὶς
403 1987 519 2068 άπῑχχιν.
565 1984 580 2047 ὃ
603 1985 639 2065 δὴ
661 1989 712 2046 καὶ
738 1989 806 2066 περὶ
828 1984 895 2057 τοὺς
916 1983 1053 2067 τυχόντας
1075 1996 1129 2047 τῶν
1152 1990 1269 2047 ἰδιωτῶν
1296 1983 1374 2047 ἔστιν

197 2096 282 2174 docio:
318 2092 367 2155 διά
397 2103 490 2166 τοῦτο,
514 2097 563 2153 καὶ
587 2090 657 2155 ὅταν
680 2117 722 2164 τις
754 2092 988 2174 άσχχματίστυυς
1018 2091 1090 2153 εἶναι
1118 2095 1183 2174 λέχη
1205 2090 1314 2172 λόγους,
1338 2094 1373 2154 οὔ

196 2199 343 2273 καθάπαξ
374 2205 482 2280 οἰητέον
503 2211 559 2261 τῶν
582 2197 735 2280 σχημάτων
763 2198 869 2269 αὐτοὺς
900 2200 1147 2278 ἀπεστερημένους
1178 2197 1250 2260 εἶναι
1274 2199 1373 2285 (τοῦτο

196 2306 252 2388 γάρ
276 2305 437 2388 άδάνατον),
462 2305 523 2367 άλλ’
548 2302 648 2367 ὅτιτὸ
672 2310 837 2384 lapidator
860 2309 910 2366 καὶ
926 2303 1040 2387 συνιχές
1063 2309 1112 2365 καὶ
1136 2310 1373 2385 epanaphoram

196 2410 351 2495 σχημάτων
374 2413 425 2474 οὐκ
449 2409 525 2472 ἔστιν
556 2410 697 2491 ὁρώμενον
731 2418 761 2472 ἐν
791 2412 917 2483 αιῗτοῖς.“
963 2412 1053 2496 Quae
1076 2415 1178 2479 Verba
1201 2412 1373 2495 Quintilia-

195 2539 259 2586 nus
292 2520 364 2586 sine
398 2519 496 2586 dubio
532 2519 677 2602 respexit
709 2519 759 2585 ita
791 2519 901 2586 dicens
925 2520 988 2603 IX,
1020 2519 1131 2602 1,18:
1169 2521 1215 2600 „si
1240 2520 1373 2586 habitus

195 2626 324 2706 quidem
357 2634 391 2692 et
413 2626 509 2708 quasi
539 2635 653 2709 gestus
685 2628 732 2692 sic
763 2626 950 2709 appellandi
974 2636 1065 2692 sunt:
1097 2626 1132 2690 id
1159 2627 1286 2691 demum
1310 2629 1372 2692 hoc

195 2733 268 2797 loco
305 2731 409 2812 accipi
439 2735 569 2798 schema
592 2735 762 2813 oportebit,
789 2732 876 2812 quod
907 2731 952 2797 sit
981 2752 1001 2796 a
1037 2732 1175 2814 simplici
1210 2740 1309 2812 aitque
1337 2733 1372 2799 in

193 2846 345 2919 promptu
377 2839 484 2920 posito
517 2837 647 2904 dicendi
670 2839 765 2903 modo
790 2837 964 2919 poetice
992 2840 1045 2905 vel
1076 2839 1270 2905 oratorie
1303 2858 1370 2904 mu-

194 2949 310 3011 tatum.
358 2944 412 3011 Sic
434 2944 519 3013 euim
543 2964 655 3012 verum
679 2944 752 3028 erit,
777 2945 876 3011 aliam
900 2963 972 3011 esse
996 2944 1174 3011 orationem
1191 2941 1370 3025 ἀσχημάτισ-

195 3074 254 3124 τον,
277 3050 312 3116 id
341 3059 393 3116 est
425 3059 591 3116 carentem
615 3050 741 3135 figuris,
778 3052 865 3132 quod
887 3051 1004 3118 vitium
1038 3070 1100 3116 nou
1125 3050 1213 3116 inter
1235 3051 1370 3117 minima

180 3163 257 3240 est,
281 3160 380 3224 oliam
404 3162 658 3240 ἐσχηματισμένην,
681 3158 788 3224 idest
811 3159 984 3242 figuratam
1000 3158 1157 3242 (Burckh.
1181 3157 1244 3238 frg.
1269 3157 1369 3242 42.).“

195 3266 307 3343 Atque
340 3266 426 3329 hanc
449 3264 573 3345 figurae
605 3263 824 3331 definitionem
848 3283 921 3330 cum
945 3283 993 3345 oa,
1027 3283 1156 3347 quaeso,
1191 3283 1370 3350 comparet,

194 3389 291 3450 quam
316 3389 358 3435 ex
392 3369 476 3436 libro
512 3371 553 3435 de
587 3370 702 3453 figuris
737 3372 959 3453 depromptam
994 3371 1099 3438 tradit
1128 3373 1370 3439 Phoebammon

192 3476 318 3563 (Rhett.
353 3497 400 3560 gr.
431 3477 494 3560 III,
518 3475 561 3541 44
593 3477 721 3559 speng,
756 3478 900 3543 Burckh.
932 3479 995 3560 frg.
1026 3477 1100 3561 All:
1124 3479 1278 3548 Καικίλιος
1300 3479 1370 3540 oli

194 3585 383 3660 Καλακτίτης
406 3584 532 3663 οἷρίσατο
555 3580 661 3655 nitore:
687 3581 784 3666 σχῆμά
807 3591 868 3645 ἐστι
890 3583 984 3664 τροπὴ
1007 3589 1047 3654 εἰς
1069 3581 1103 3646 τὸ
1117 3581 1157 3662 μὴ
1179 3582 1256 3645 κατά
1280 3583 1370 3664 (μόσιν

192 3688 226 3751 τὸ
248 3700 299 3769 τῆς
322 3691 455 3759 διανοίας
478 3694 527 3750 καὶ
549 3688 667 3763 iliano:
691 3692 757 3757 iam
780 3692 909 3759 videbis
932 3691 1070 3756 alteram
1093 3694 1135 3757 ab
1160 3693 1265 3758 altera
1288 3692 1369 3758 adeo

193 3814 267 3863 esse
291 3797 466 3879 diversam,
498 3803 535 3862 ut
558 3797 661 3865 variis
693 3797 904 3879 temporibus,
936 3796 1070 3863 mutatis
1094 3798 1221 3881 studiiS,
1257 3816 1367 3864 unam·

192 3921 351 3984 quamque
387 3907 533 3968 exortam
569 3922 641 3969 esse
672 3906 825 3970 conicias
872 3904 955 3969 Eam
999 3909 1105 3969 antem
1141 3904 1367 3988 definitionem,

193 4027 288 4088 quam
312 4009 552 4076 Phoebammou
576 4009 687 4093 tradit,
713 4010 760 4076 eis
784 4011 985 4091 temporibus
1008 4029 1080 4076 osse
1103 4011 1272 4092 prolatam,
1297 4027 1369 4075 cum

196 4113 359 4180 Caecilius
383 4114 587 4196 disciplinam
610 4117 802 4198 Apollodori
826 4125 957 4182 secutus
980 4119 1078 4184 rebus
1101 4135 1189 4181 mere
1210 4113 1369 4180 technicis

193 4239 229 4287 sc
253 4221 356 4303 daret,
387 4225 421 4286 et
451 4222 620 4304 aptissimo
650 4222 860 4304 compositam
892 4243 964 4290 esse
986 4225 1028 4290 ad
1058 4225 1180 4305 figuras
1203 4221 1369 4302 quaslibet

194 4326 449 4409 distinguendas
485 4335 519 4394 et
553 4330 753 4413 colligendas
792 4331 873 4397 satis
908 4330 987 4396 milri
1026 4347 1125 4409 supra
1158 4329 1201 4412 (p.
1233 4325 1273 4392 11
1306 4327 1367 4415 sq.)
