3092 4692
741 1173 768 1239 I.

278 1313 452 1381 Caecilium
483 1312 680 1394 peculiarem
708 1313 879 1396 scripsisse
909 1316 1022 1381 Artem
1051 1315 1247 1382 rhetoricam
1270 1335 1341 1382 cum

171 1443 212 1489 ex
247 1420 442 1505 fragmentis
474 1419 667 1499 quibusdam
698 1427 767 1486 tum
799 1440 839 1487 ex
874 1420 994 1487 Suidae
1029 1440 1053 1486 s,
1089 1441 1120 1487 v.
1157 1422 1342 1488 testimonio

168 1530 283 1610 procul
315 1526 414 1592 dubio
446 1532 591 1608 apparet.
637 1527 746 1607 Atque
779 1531 889 1594 exstat
919 1527 1017 1593 etiam
1051 1529 1090 1594 de
1125 1527 1241 1594 studiis
1273 1527 1342 1595 eius

171 1632 344 1699 rhetoricis
361 1631 556 1716 Quintiliani
571 1631 802 1715 testimouium,
826 1632 902 1700 inst.
928 1654 973 1699 or.
989 1635 1051 1717 ΙΠ,
1078 1635 1107 1718 1,
1132 1632 1190 1700 16:
1216 1635 1344 1718 „Multa

170 1747 245 1822 post
285 1737 342 1826 (sc.
382 1739 619 1821 Hermagoram
658 1739 802 1824 scripsit)
838 1740 1031 1820 Apollonius
1070 1741 1194 1822 Mulon,
1242 1741 1344 1807 multa

171 1848 289 1929 Areus,
323 1846 426 1911 multa
450 1844 611 1911 Caecilius
642 1850 674 1911 et
701 1844 1007 1911 Halicarnassensis
1031 1845 1227 1928 Dionysius:
1257 1865 1341 1926 quae

170 1955 272 2018 verba
302 1952 402 2019 latius
433 1957 548 2033 patent
584 1969 692 2032 neque
722 1953 763 2017 ad
792 1957 889 2032 τέχνην
920 1952 1039 2035 solum,
1072 1953 1132 2018 sed
1163 1954 1205 2017 ad
1235 1953 1342 2018 omnia

171 2057 311 2141 scripta,
348 2077 431 2137 quae
466 2060 642 2124 oratorium
673 2077 789 2124 munus
819 2077 899 2139 prae
930 2078 965 2124 se
988 2060 1110 2142 ierunt,
1145 2058 1280 2125 Caecilii
1310 2064 1343 2125 et

171 2162 323 2246 Dionysii
357 2162 531 2230 referenda
565 2169 648 2230 suut.
707 2165 895 2246 Eodemque
931 2165 1040 2248 modo,
1078 2186 1140 2246 quo
1175 2168 1236 2232 hoc
1270 2166 1342 2230 loco

173 2270 334 2337 Caecilius
365 2271 552 2336 nominatur
584 2291 650 2336 uua
682 2290 753 2338 oum
778 2271 958 2356 Dionysio,
993 2274 1041 2337 ita
1069 2277 1184 2353 postea
1219 2291 1344 2353 quoque

174 2382 347 2458 utrumque
375 2375 476 2442 refert
498 2375 585 2442 inter
618 2395 690 2460 eos,
725 2378 779 2458 qui
811 2379 850 2444 de
883 2378 997 2461 figuris
1028 2379 1212 2460 peculiares
1243 2379 1345 2445 libros

175 2482 386 2565 scripserint,
419 2481 640 2566 Quintilianus
662 2483 724 2567 IX,
751 2483 781 2568 3,
806 2481 865 2549 89:
902 2487 1015 2566 „Haec
1049 2484 1157 2550 omnia
1181 2484 1345 2566 copiosius

175 2594 252 2656 suut
275 2589 420 2672 executi,
453 2591 508 2669 qui
539 2609 604 2655 uon
628 2596 664 2656 ut
695 2596 821 2672 partem
855 2592 962 2672 operis
986 2596 1268 2675 transcurrerunt,
1290 2592 1347 2658 sed

174 2695 306 2778 proprie
317 2694 418 2761 libros
431 2695 505 2760 huic
517 2698 608 2777 operi
622 2697 865 2780 dedicaverunt,
880 2696 964 2763 sicut
976 2698 1146 2781 Caecilius,
1158 2696 1346 2781 Dionysius

175 2801 335 2886 Rutilius,
368 2802 577 2887 Cornificius,
602 2802 790 2870 Visellius.“
837 2805 949 2884 Neque
980 2824 1057 2870 vero
1089 2804 1208 2870 aetatis
1231 2803 1347 2870 seriem

175 2908 210 2974 in
244 2906 385 2974 citandis
418 2906 632 2989 scriptoribus
665 2928 816 2976 servasse
845 2911 978 2976 videtur
1001 2909 1240 2994 Quintilianus,
1278 2929 1347 2976 cum

177 3017 212 3081 in
247 3015 371 3080 duobus
404 3013 471 3080 illis
506 3014 585 3082 locis
616 3015 749 3082 Caecilii
776 3035 894 3082 nomeu
925 3015 1084 3099 Dionysio
1116 3018 1347 3099 anteposuerit,

177 3126 290 3203 utpote
313 3120 368 3201 qui
391 3123 443 3187 vel
467 3121 673 3188 Cornificium
703 3124 791 3188 iuter
813 3122 971 3188 Rutilium
995 3129 1030 3188 et
1053 3123 1226 3190 Visellium
1252 3122 1348 3188 collo-

179 3226 304 3292 caverit
324 3231 435 3293 aetate
454 3229 555 3294 multo
578 3228 761 3314 inferiores,
786 3249 845 3296 nec
864 3249 929 3295 uon
942 3229 1139 3297 Graecorum
1154 3230 1348 3314 scriptorum

180 3333 326 3399 ordinem
364 3337 543 3400 mutavisse
577 3337 745 3420 videatur,
783 3339 810 3402 si
845 3336 931 3402 forte
966 3340 1025 3402 suh
1062 3337 1179 3404 Rutilii
1210 3356 1350 3418 persona

179 3436 321 3520 Gorgias
337 3443 451 3506 rhetor
474 3439 518 3505 sit
532 3439 776 3529 intelligendus,
792 3447 882 3510 cuius
899 3448 1052 3523 quattuor
1069 3443 1171 3509 libros
1188 3445 1347 3510 Rutilium

180 3543 323 3609 inunum
336 3546 453 3632 suum1)
471 3547 678 3613 transtulisse
693 3548 914 3631 Quintilianus
930 3549 1028 3631 paulo
1046 3554 1122 3616 onte
1135 3549 1210 3635 (ix,
1224 3550 1254 3634 2,
1273 3549 1350 3635 102)

184 3652 326 3714 testatus
350 3655 408 3714 est.
455 3655 490 3718 Is
514 3656 608 3736 enim,
634 3672 726 3734 quem
752 3657 891 3722 Athenis
914 3657 956 3720 M.
974 3655 1138 3724 Ciceronis
1161 3656 1353 3739 magistrum

183 3774 397 3784 μ..-

290 3824 311 3895 1)
338 3828 401 3882 Non
427 3828 576 3886 infeliciter
605 3831 671 3885 mihi
706 3833 854 3889 Muellerus
879 3836 897 3889 1.
925 3836 944 3890 l.
969 3852 1034 3905 pag.
1062 3835 1088 3888 2.
1117 3837 1179 3890 adn.
1208 3834 1355 3890 coniecisse

184 3917 309 3972 videtur:
336 3915 382 3981 „in
400 3932 478 3970 usum
497 3934 573 3972 suum
592 3919 763 3985 transtulit‚“
784 3938 833 3989 pro
852 3924 971 3978 lectione
989 3924 1072 3979 codd:
1097 3923 1144 3990 „iu
1170 3939 1253 3978 unum
1278 3939 1356 3979 suum

184 4005 236 4062 tr.“
263 4020 323 4061 cum
349 4002 429 4060 nobis
453 4003 573 4070 Gorgiae
600 4010 645 4062 vel
672 4008 774 4064 Rutilii
800 4011 851 4065 duo
874 4012 938 4067 libri
966 4026 1053 4066 esseut
1082 4013 1185 4067 servati
1212 4011 1356 4067 verborum

185 4097 289 4166 figuras
317 4093 488 4150 continentes
515 4098 543 4144 et
571 4094 593 4146 si
619 4097 738 4164 Gorgiae
766 4098 849 4153 libros
876 4101 1060 4156 contraxisset
1082 4101 1218 4168 Rutilius,
1244 4102 1356 4156 verbum

77 4240 79 4244 ,
186 4183 363 4249 „transtulit‘
390 4196 486 4251 parum
510 4192 568 4231 esse
591 4182 731 4240 videretur
756 4193 858 4253 aptum.
896 4189 967 4255 Quid
991 4191 1107 4260 denique
1131 4191 1184 4246 sibi
1208 4192 1270 4246 vult
1287 4190 1356 4245 illud

188 4272 299 4338 „suum“
318 4271 448 4329 vocabulo
468 4263 584 4334 ‚,unum“
604 4269 757 4326 edoctum?
