3092 4692
800 246 823 315 9

327 447 379 513 Ad
403 452 508 511 artem
533 444 677 527 Caecilii,
702 464 797 526 quam
828 464 928 527 supra
958 446 1205 510 memoravimus
1215 443 1250 528 ¹),
1275 443 1396 525 optimo

220 552 290 618 iure
313 551 572 618 Burckhardtins
596 553 726 617 rettulit
752 552 841 617 locos
865 550 1103 634 Quintilianeos
1134 551 1197 632 III,
1230 550 1260 631 6,
1292 549 1335 613 48
1359 556 1393 617 et

224 660 264 742 V,
291 656 344 741 10,
371 656 421 725 17.
447 656 600 742 (Burckh.
625 656 715 740 frgg.
759 655 811 722 49.
835 655 904 742 50.)
960 659 1012 722 Αο
1041 658 1145 739 primo
1170 655 1297 737 quidem
1322 657 1395 723 loco

220 763 367 831 traditur
400 761 577 830 Caecilium
608 768 760 844 quattuor
803 763 951 829 docuisse
982 768 1106 829 status:
1138 764 1190 827 An
1214 758 1287 829 sit?
1309 762 1399 855 ⁴quid

221 869 292 936 sit?
327 871 422 951 quale
453 868 521 936 sit?
563 875 720 950 quantum
751 871 819 936 sit?
862 871 1057 936 Versantem
1087 868 1190 952 igitur
1220 867 1398 935 Caecilium

222 975 439 1058 conspicimus
455 978 490 1041 in
505 975 700 1043 difficillima
715 975 775 1043 illa
791 981 934 1043 statuum
951 977 1109 1057 doctrina,
1135 977 1186 1041 cui
1203 975 1399 1042 excolendae

220 1087 296 1165 post
311 1085 550 1166 Hermagoram
574 1083 749 1149 admodum
772 1102 903 1165 operam
920 1081 1050 1149 dedisse
1065 1084 1250 1163 accepimus
1265 1084 1399 1165 Apollo-

221 1188 335 1255 dorum
351 1189 590 1272 Pergamenum
614 1196 647 1255 et
665 1189 871 1256 Theodorum
887 1189 1119 1257 Gadarensem.
1167 1188 1249 1254 Nam
1266 1189 1398 1271 Apollo-

220 1296 318 1362 dorus
341 1296 422 1362 duos
453 1296 564 1377 posuit
594 1301 701 1361 status
736 1296 919 1378 generales,
952 1312 1088 1376 qnorum
1117 1294 1201 1361 alter
1232 1299 1341 1376 „esset
1363 1295 1398 1360 in

223 1403 319 1467 rebus
353 1401 482 1485 positis,
519 1403 634 1483 quibus
670 1401 861 1469 coniectura
894 1401 1083 1485 explicatur,
1119 1405 1177 1466 ant
1210 1400 1244 1466 in
1274 1399 1398 1466 nostris

220 1507 427 1591 opinionibus
449 1506 663 1594 (neapponatis
686 1511 735 1569 καὶ
757 1511 824 1588 περὶ
848 1506 1009 1593 ἐονοίας)“;
1034 1526 1097 1590 qua
1119 1506 1154 1573 in
1171 1505 1292 1588 duplici
1316 1506 1398 1573 divi·

220 1613 312 1679 sione
341 1615 543 1696 congruebat
570 1632 641 1679 cum
664 1614 853 1681 adversario
887 1633 947 1679 suo
971 1614 1153 1696 Theodoro,
1186 1615 1239 1694 qni
1268 1619 1302 1679 et
1324 1614 1397 1694 ipse

222 1719 303 1786 dnos
327 1723 432 1785 status
455 1717 629 1800 primarios
638 1719 665 1804 2)
689 1737 763 1784 esse
787 1720 930 1786 volebat.
948 1719 1075 1804 (Quint.
1099 1719 1164 1802 HI,
1189 1716 1218 1784 6.
1242 1716 1285 1783 55
1309 1717 1399 1803 seq),

222 1844 295 1891 cum
333 1825 373 1890 de
408 1844 446 1891 eo
478 1830 699 1907 quaereretur,
740 1844 784 1892 aa
816 1824 885 1891 sit?
926 1830 960 1892 et
992 1825 1033 1892 de
1065 1822 1288 1891 accidentibus
1321 1823 1400 1909 (περὶ

221 1931 323 2002 οὐσίας
339 1934 389 1991 καὶ
405 1928 647 2018 σομβεβηκὰιωο).
693 1932 839 2012 Uterque
853 1933 956 2014 igitur
971 1930 1108 1997 retinnit
1122 1932 1263 2013 priorem
1279 1936 1399 1996 statum

221 2037 437 2105 coniecturae:
468 2038 605 2104 alterum
633 2042 742 2104 autem
768 2038 887 2104 iterum
919 2037 1090 2104 dividebat
1112 2036 1329 2119 Apollodorus
1360 2037 1395 2102 in

223 2145 304 2210 duas
326 2147 448 2229 partes,
481 2143 671 2225 qualitatem
697 2150 730 2210 et
756 2144 927 2229 finitivum,
959 2145 1149 2211 Theodorus
1177 2145 1212 2209 in
1235 2148 1388 2224 quattuor

222 2249 299 2333 quid
321 2249 388 2317 sit?
420 2251 514 2332 quale
538 2250 606 2317 sit?
638 2256 793 2331 quantum
825 2250 890 2316 sit?
924 2250 966 2316 ad
998 2250 1143 2330 aliquid?
1177 2252 1291 2331 Itaque
1322 2269 1393 2315 cum

222 2357 437 2439 Apollodorus
461 2356 590 2422 omnino
606 2361 713 2422 status
737 2364 816 2439 tres,
841 2358 1029 2424 Theodorus
1046 2356 1187 2439 quinque
1209 2358 1393 2440 probasset,

222 2462 383 2529 Caecilius
414 2462 554 2529 mediam
585 2466 673 2530 viam
702 2466 870 2548 ingressus
902 2464 1019 2548 soluta,
1050 2472 1089 2530 ut
1111 2463 1252 2544 videtur,
1286 2462 1397 2544 priore

223 2569 394 2652 divisione,
423 2570 616 2653 quantitatis
650 2575 773 2637 statum
805 2570 1032 2654 Apollodoreis
1062 2569 1198 2654 addidit,
1232 2569 1400 2636 relationis

221 2675 311 2741 illum
335 2677 496 2743 Theodori
518 2676 746 2760 repudiaviti)

328 2783 477 2849 Alterum
502 2782 698 2865 Quintiliani
722 2782 941 2850 testimonium
969 2783 1011 2867 V,
1036 2781 1087 2866 10,
1114 2781 1166 2867 17,
1190 2784 1296 2865 docet,
1322 2781 1401 2862 qnid

223 2887 383 2954 Caecilius
407 2885 553 2961 ἀπόδειξιν
588 2892 660 2954 esse
691 2887 849 2955 voluerit:
874 2887 1065 2961 ,Ἀπόδειξις
1093 2895 1144 2955 est
1168 2888 1304 2954 evidens
1327 2906 1400 2968 pro-

221 2994 310 3062 batio
343 2994 483 3076 ideoque
510 2997 599 3077 apud
634 3002 819 3080 geometras
854 2999 1013 3076 γραμμικαὶ
1045 2993 1207 3066 ἀποδείξεις
1238 2994 1396 3060 dicuntur.

222 3101 318 3167 Hanc
341 3109 375 3167 et
397 3103 438 3167 ab
463 3103 694 3184 epichiremate
718 3101 878 3168 Caecilius
901 3111 997 3184 putat
1026 3101 1156 3166 differre
1188 3100 1257 3165 solo
1281 3118 1400 3182 genere

222 3209 438 3274 conclusionis
467 3213 501 3273 et
524 3226 597 3273 esse
628 3209 782 3289 apodixin
805 3209 1029 3290 imperfectum
1058 3206 1254 3290 epichirema
1288 3207 1400 3272 eadem

214 3306 331 3398 'causa
356 3332 418 3394 qna
442 3312 582 3379 diximus
606 3316 813 3397 enthymema
836 3312 1024 3398 syllogismo
1049 3314 1201 3379 distare.“
1243 3312 1396 3397 (Burckh.

223 3420 286 3503 irg.
312 3419 404 3506 50).4)
451 3413 617 3504 Quomodo
650 3426 758 3488 autem
791 3420 892 3487 distet
922 3424 1128 3504 enthymema
1159 3440 1179 3485 a
1211 3421 1399 3503 syllogismo

224 3567 439 3574 ---——-..-—-—-

333 3633 355 3703 1)
373 3635 443 3704 ugit
462 3636 595 3692 Caecilius
614 3637 734 3694 fortasse
753 3636 783 3691 in
802 3636 853 3690 hoo
878 3635 948 3692 libro
984 3637 1070 3714 „napi
1107 3644 1162 3696 τῶν
1185 3632 1332 3712 μεθόδων,
1366 3632 1399 3692 αἳ

223 3721 410 3806 γυμνάζουσιν
435 3724 507 3802 ἡμᾶς
530 3730 569 3796 εἰς
591 3722 629 3786 τὰ
651 3749 723 3805 μορη
745 3734 798 3786 τοῦ
819 3726 967 3786 πολιτικοῦ
988 3721 1100 3804 λόγου.“
1132 3725 1167 3779 cf.
1187 3724 1271 3779 schol.
1289 3723 1319 3778 in
1332 3723 1399 3777 Her-

223 3849 293 3902 mog.
315 3853 413 3914 caua„
447 3832 535 3897 Walz,
553 3833 637 3888 rhett.
657 3835 704 3889 IV.
724 3850 750 3902 p.
770 3831 805 3887 59
832 3855 868 3874 =
886 3832 1004 3888 Burckh.
1024 3832 1078 3900 ing.
1098 3832 1141 3884 48.

332 3918 354 3988 Ζ)
382 3917 420 3980 τὰ
443 3921 590 3999 κεφαλαια
614 3943 800 4000 γοοικοοοοιτα.

333 4024 355 4094 ³)
385 4028 420 4082 ci.
439 4027 557 4101 Burclsh.
578 4027 595 4080 l.
615 4027 632 4080 1.
651 4044 715 4096 pag.
734 4027 778 4080 22.

331 4113 355 4180 ⁴)
384 4115 478 4180 Omisi,
498 4105 611 4184 qu'aein
630 4115 769 4171 codicibus
787 4123 850 4184 post
870 4116 1006 4184 „distare“
1025 4124 1175 4186 sequuntur
1198 4113 1294 4168 verba:
1321 4128 1400 4177 „nam

224 4209 254 4259 et
273 4201 436 4272 epichirema
459 4220 522 4273 pars
541 4204 695 4274 syllogismi
713 4204 781 4259 est.“
817 4205 887 4259 Nam
912 4211 962 4260 ant
980 4206 1143 4275 epichirema
1165 4203 1237 4258 idem
1261 4208 1304 4256 est
1329 4202 1400 4268 quod

225 4291 417 4361 syllogismusz
435 4299 494 4348 tnm
513 4294 666 4363 syllogismi
684 4309 748 4363 pars
766 4309 825 4348 esse
843 4310 897 4349 non
915 4299 1021 4363 potest3
1040 4293 1064 4347 si
1082 4308 1146 4347 vero
1165 4307 1228 4358 pars
1247 4290 1399 4359 syllogismi
