3092 4692
728 239 748 306 2

258 440 303 509 At
337 457 400 519 quo
434 440 579 518 tempore
620 438 748 502 initium
785 439 911 519 ceperit
946 436 1105 503 sermonis
1146 437 1205 503 illa
1238 440 1326 504 inter

149 548 291 615 Graecos
318 546 466 610 rhetores
493 545 711 626 commutatio,
736 545 820 609 unde
847 544 1004 626 originem
1039 544 1169 610 duxerit
1190 545 1325 610 Atticis-

148 673 219 719 mus
241 652 298 718 ille
321 649 376 731 qui
392 654 536 734 vocatur,
562 649 625 715 alio
642 649 785 716 fortasse
808 651 878 716 loco
902 649 1006 716 fusius
1023 669 1185 732 exponere
1201 650 1323 716 licebit:

150 780 235 826 nunc
266 756 536 838 acquiescendum
561 760 612 821 est
642 757 677 821 in
700 755 866 822 Atticismi
896 756 1014 822 studiis
1038 757 1106 824 iere
1130 758 1268 823 excultis
1292 764 1325 822 et

150 864 307 948 perfectis
319 862 342 947 l)
366 883 385 928 a
409 863 535 928 duobus
550 864 631 929 viris
648 861 848 928 doctissimis
864 863 1024 945 Dionysio
1040 862 1325 929 Halicarnassensi

151 977 186 1038 et
209 971 350 1039 Caecilio
368 968 547 1053 Calactino,
565 989 699 1049 quorum
724 970 862 1037 alterius
886 989 1005 1052 magna
1030 990 1106 1052 pars
1130 970 1324 1051 scriptorum

151 1085 202 1145 est
224 1083 400 1160 superstes,
432 1074 579 1158 alterius,
613 1076 675 1142 etsi
706 1094 806 1157 opera
838 1078 908 1142 eius
941 1084 1120 1157 temporum
1152 1075 1326 1155 iniquitate

150 1191 263 1266 erepta
286 1187 371 1267 sunt,
396 1187 504 1246 tamen
538 1180 620 1247 satis
643 1182 745 1246 multa
768 1186 901 1248 exstant
916 1181 1143 1267 fragmenta,2)
1167 1201 1185 1248 e
1208 1183 1326 1262 quibus

153 1309 236 1370 quae
259 1290 359 1355 fuerit
382 1288 468 1354 ratio
493 1289 627 1355 docendi
651 1287 720 1353 eius
737 1288 921 1370 perspicere
945 1289 1051 1354 liceat.
1099 1290 1207 1368 Atque
1224 1289 1324 1355 Wila-

151 1395 331 1463 mowitzius
366 1395 495 1475 quidem
527 1394 692 1460 Atticismi
734 1394 892 1479 originem
927 1396 1107 1477 perducere
1139 1395 1251 1461 studet
1285 1394 1327 1459 ad

152 1502 385 1584 Apollodorum
426 1500 702 1586 Pergamenumi)
745 1521 807 1581 quo
853 1500 1012 1584 magistro
1058 1503 1209 1566 utebatur
1255 1499 1326 1581 ipse

154 1611 323 1690 Augustus
352 1606 451 1692 (Suet.
479 1610 562 1689 Aug.
586 1604 662 1692 89);
694 1607 907 1673 fortissimum
931 1608 1057 1690 deiude,
1090 1607 1324 1687 doctissimum,

153 1715 345 1780 acerrimum
372 1717 644 1795 propugnatorem
660 1713 828 1779 doctrinae
851 1712 941 1777 illius
965 1712 1061 1797 („der
1086 1718 1327 1796 §amasam

54 1903 59 1913 ,
152 1828 220 1905 auf
237 1826 358 1888 diesem
388 1818 547 1905 Gebiete“)
571 1818 737 1885 exstitisse
765 1818 939 1884 Caecilium
963 1818 1154 1899 Apollodori
1186 1818 1327 1898 discipu-

154 1927 231 1991 lum.
278 1925 329 1990 De
360 1924 519 2008 Dionysio
551 1930 659 1990 antem
695 1925 772 2004 qnid
807 1925 948 1991 senserit
981 1924 1033 1991 vir
1067 1925 1272 1990 doctissimus
1308 1942 1326 1988 e

153 2030 263 2099 verbis
286 2030 379 2095 initio
403 2030 623 2096 adnotationis
648 2031 717 2096 eius
740 2031 857 2111 positis
873 2031 986 2112 elucet,
1011 2049 1103 2113 quae,
1129 2048 1199 2095 cum
1224 2030 1267 2095 ad
1289 2049 1328 2095 ea

155 2143 271 2218 postea
298 2137 530 2203 recurrendum
554 2139 615 2221 sit,
641 2139 749 2202 omnia
779 2156 921 2218 appono:
956 2143 1050 2217 „Der
1087 2142 1327 2215 Classr'cismus,

154 2249 215 2312 den
238 2248 335 2311 sciron
351 2250 438 2311 serice
453 2249 649 2330 Begrr't'nder
671 2250 725 2312 als
747 2251 799 2312 ein
819 2248 981 2329 Symptcm
998 2249 1058 2311 der
1074 2249 1219 2330 Bildung
1241 2250 1328 2310 eines

154 2355 384 2428 eritheitliclzen,
396 2355 767 2419 romine-hellemtchen
799 2356 981 2418 Wltreiclzs
996 2358 1172 2437 auffassten
1187 2356 1257 2417 und
1268 2355 1327 2417 der

155 2462 226 2525 sich
247 2462 432 2544 allerdings
463 2462 552 2525 nicht
573 2462 659 2524 blcss
691 2463 724 2524 in
748 2462 808 2524 der
831 2463 1018 2536 Litteratur,
1047 2463 1187 2525 sondern
1215 2462 1328 2523 ebenso
1377 2440 1381 2447 ⁶

156 2570 190 2630 in
213 2568 274 2629 den
303 2569 470 2631 bildenden
494 2568 638 2631 Krinsten
666 2590 729 2631 nur
753 2570 787 2631 in
811 2569 893 2631 Rom
926 2569 1113 2632 entwickeln
1135 2569 1266 2641 donate„
1287 2569 1331 2628 ist

150 2674 353 2756 gleichwolzl
380 2675 470 2737 nicht
498 2677 567 2739 eine
589 2676 698 2757 Folge,
730 2676 869 2738 sondern
897 2677 948 2737 ein
981 2676 1114 2739 Verbote
1140 2676 1200 2738 der
1223 2695 1328 2736 caesa·

157 2781 285 2845 rischen
327 2781 603 2845 Weltmonarclzie.
638 2783 697 2844 Di
702 2784 885 2864 anysius,
909 2784 980 2861 fiir
1003 2805 1064 2845 uns
1086 2781 1231 2860 frer'liclz
1260 2782 1329 2843 sein

157 2889 355 2970 wichtigster
388 2888 555 2963 Vertreter,
575 2891 675 2966 faed
700 2889 756 2952 iim
787 2889 884 2952 sciron
909 2911 977 2961 vor,
1008 2891 1060 2952 als
1083 2911 1120 2951 er
1142 2887 1224 2951 nach
1247 2888 1329 2949 Rom

157 2997 243 3069 kam,
267 2997 312 3058 ist
331 2995 517 3076 allerdings
540 2994 623 3058 auch
646 2995 734 3057 nicht
754 2996 814 3058 der
830 2995 932 3058 Mann
956 2997 1067 3076 eigene
1089 2991 1331 3074 schirpserisclze

159 3102 254 3164 Idem
276 3123 316 3165 zu
340 3101 453 3164 haben·
511 3101 583 3164 Wer
612 3101 667 3163 ibn
679 3103 752 3178 fiir
780 3103 864 3164 cilter
891 3103 944 3164 als
973 3101 1131 3164 Caecilius
1153 3100 1229 3174 halt,
1260 3123 1330 3162 ver·

159 3207 243 3270 steht
262 3209 314 3271 die
343 3208 530 3270 stiliitz'sclze
561 3207 779 3288 Umwcilaung
801 3229 873 3289 gar
895 3208 991 3271 nicht.
1044 3206 1172 3270 Gerade
1195 3207 1330 3287 Dionys’

167 3311 431 3392 Thucydideisclze
461 3312 627 3390 Schriften
661 3336 784 3395 magen
819 3316 956 3390 einmal,
992 3316 1072 3377 dass
1105 3315 1201 3378 ilmen
1235 3313 1331 3376 sehon

269 3481 289 3550 1)
309 3486 343 3538 cf.
362 3485 475 3553 Dionys.
503 3484 590 3539 Halic
615 3485 648 3539 de
675 3491 732 3540 ant.
763 3491 846 3542 cratt.
870 3486 955 3554 praef.
987 3501 1045 3553 cap.
1072 3484 1097 3539 2.
1122 3501 1185 3554 pag.
1204 3484 1257 3539 447
1275 3501 1332 3554 sqq.

162 3573 202 3628 ed.
221 3571 397 3641 Reislrianae3
416 3573 533 3640 Schmid,
553 3573 601 3629 der
618 3573 789 3629 Atticismus.
809 3591 873 3643 pag.
892 3574 916 3629 6.
937 3572 1054 3642 (Stuttg.
1074 3572 1163 3642 1887).

268 3656 293 3725 ²)
313 3660 375 3714 coll.
398 3661 449 3716 Th.
475 3663 657 3718 Burckhardt.
696 3661 785 3731 (anc.
810 3663 928 3719 rhetoris
955 3664 1124 3732 fragmenta.
1151 3663 1216 3718 diss.
1239 3663 1333 3732 inaug.

162 3748 244 3803 Basil.
265 3744 353 3815 1862).

268 3834 290 3904 ³)
309 3837 400 3892 Herm.
419 3837 477 3893 XII
495 3837 587 3908 (1877)
607 3857 670 3910 pag.
690 3841 742 3895 312
756 3843 858 3910 adnot.;
876 3842 931 3895 iam
944 3846 1009 3896 ante
1021 3841 1217 3910 Apollodorum
1231 3842 1334 3910 Perga·

163 3941 270 3981 menum
296 3925 419 3980 floruisse
438 3927 567 3995 Pergami
590 3931 730 3984 rhetorum
756 3930 857 3995 studia,
883 3946 951 3997 qnae
979 3931 1147 3998 pertinerent
1165 3932 1199 3985 ad
1218 3931 1335 4000 Atticos,

164 4014 288 4071 evincere
306 4013 415 4068 studuit
434 4015 555 4068 Brzoska
572 4016 602 4071 in
619 4016 721 4078 libello
741 4016 789 4083 qui
807 4017 967 4073 inscribitur
986 4019 1019 4073 de
1039 4006 1141 4073 canone
1166 4020 1257 4073 decern
1276 4034 1334 4073 ora·

162 4098 519 4171 torum‚Vratist.1883
547 4102 610 4161 diss.
640 4101 676 4170 (v
694 4103 776 4158 inira.
804 4121 868 4174 pag
896 4102 959 4174 26);
991 4106 1166 4175 impugnavit
1188 4107 1335 4163 novissime

166 4190 378 4255 Wilamowitaii
397 4185 615 4246 sententiemE
634 4191 737 4246 Rhode.
756 4192 790 4246 N
808 4193 861 4248 Rh.
879 4194 948 4249 Mus.
970 4193 1082 4263 1886p.
1104 4193 1155 4247 176
1175 4211 1233 4264 sqq.
1268 4195 1337 4261 adn„

163 4280 212 4347 qni
229 4280 345 4336 Athenin
363 4273 507 4334 Atticismi
526 4273 616 4328 fontes
634 4276 720 4332 latere
739 4286 838 4335 censet
