3092 4692
762 205 809 283 tt

196 421 278 470 sone
293 402 445 485 Dionysii
468 402 609 468 eruditio
625 401 807 469 luculenter
829 400 1040 483 perspicitur;
1065 420 1164 481 causa
1186 418 1275 482 vero,
1301 420 1366 483 qua

196 509 287 575 ducti
324 507 518 591 scriptorem
553 528 708 575 canonem
746 508 926 593 quendam,
962 510 1038 588 quin
1073 507 1176 588 ipsam
1212 505 1364 572 decadem

196 614 380 697 respexisse
408 619 572 699 putemuS,
603 614 694 680 nulla
719 619 866 695 apparet.
918 615 1032 694 Neque
1056 611 1269 678 omittendum
1291 629 1365 679 esse

196 739 314 786 censeo
338 728 573 803 argumentum,
598 720 681 800 quod
705 718 848 785 Meierus
872 718 993 803 (opusc.
1019 721 1045 784 Ι.
1070 740 1100 801 p.
1128 718 1204 803 135)
1228 719 1364 797 sumpsit

196 847 237 892 ex
259 828 329 892 loco
352 826 575 910 Dionysiano,
611 828 667 906 qui
690 831 800 893 exstat
822 825 857 891 in
879 824 956 891 libri
979 825 1019 891 de
1042 825 1210 891 Dinaroho
1235 843 1304 905 cap.
1331 823 1360 888 1.

195 952 268 1015 pag.
293 933 357 997 629
385 952 450 1014 sq.:
487 936 562 1014 Περὶ
585 929 744 1014 Δεινάρχου
773 942 825 994 τοῦ
847 929 967 1012 ῥήτορος
997 931 1078 992 ούδὲν
1101 927 1216 1010 εἰρηκὼς
1246 935 1276 990 ἐν
1305 938 1365 999 τοῖς

194 1043 259 1118 περὶ
282 1049 337 1100 τῶν
360 1039 487 1121 άρχαίων
509 1052 646 1120 γραφεῖσι
670 1092 676 1105 ,
701 1085 708 1100 ,
731 1085 739 1099 .
765 1038 837 1118 ὁρῶν
852 1039 883 1099 δὲ·
906 1041 955 1098 καὶ
977 1047 1078 1099 τοῦτον
1092 1035 1142 1101 τόν
1165 1033 1258 1115 ἄνδρα
1280 1032 1364 1114 παρὰ

194 1147 309 1216 πολλοῖς
340 1145 492 1226 ἠξιωμένον
523 1143 664 1222 ὀνόματος
691 1148 737 1205 ἐπὶ
768 1142 906 1223 δεινότητι
937 1141 1029 1225 λόγων
1066 1147 1115 1204 καὶ
1150 1138 1364 1204 ἀπολελοιπότα

194 1255 347 1329 δημοσίους
361 1273 392 1312 τε
409 1255 458 1313 καὶ
473 1255 562 1322 ίδίους
576 1249 676 1332 λόγους
698 1303 705 1317 ,
730 1298 736 1312 .
761 1298 768 1312 .
793 1248 940 1333 ἡγησάμην
955 1255 1014 1312 δεῖν
1033 1247 1073 1328 μή
1087 1251 1262 1330 παραλιπεῖν
1277 1244 1364 1308 αὐτὸν

194 1380 219 1417 κ.
239 1378 265 1417 τ.
280 1359 318 1420 λι
344 1357 459 1439 quibus
476 1360 587 1423 verbis
610 1377 674 1422 non
690 1357 778 1439 quod
799 1357 834 1422 iu
852 1377 1005 1423 canonem
1023 1362 1057 1421 et
1078 1355 1112 1420 in
1136 1373 1305 1421 numerum
1320 1355 1365 1420 sit

194 1465 345 1547 selectus
375 1463 553 1546 Dionysius
586 1464 747 1530 Dinarchi
797 1482 833 1529 se
865 1464 1024 1528 rationem
1057 1463 1180 1527 hahere
1211 1461 1267 1543 ait,
1305 1460 1363 1526 sed

193 1569 269 1649 qula
295 1572 402 1651 „apud
417 1570 536 1643 multos
551 1573 638 1637 hunc
655 1589 781 1652 quoque
797 1569 919 1636 viderit
940 1570 974 1635 in
991 1569 1101 1650 aliquo
1121 1587 1193 1635 esse
1208 1568 1361 1635 honore.“

193 1677 300 1755 Atque
313 1675 346 1740 in
358 1683 505 1751 veterum
518 1678 712 1757 scriptorum
728 1694 884 1742 censurae
898 1695 969 1758 cap.
991 1673 1031 1759 5.,
1048 1693 1109 1755 quo
1126 1674 1363 1741 decretoribus

193 1780 281 1864 egit,
313 1781 400 1866 (pag.
425 1780 489 1847 431
514 1801 560 1864 sq.
585 1781 637 1868 R.)
669 1789 703 1848 et
725 1781 759 1847 iu
784 1783 925 1864 epistula
948 1782 989 1848 ad
1013 1785 1202 1848 Ammaeum
1226 1781 1251 1846 Ι.
1275 1778 1362 1864 (pag.

194 1887 258 1950 722
283 1887 372 1974 εφη)
418 1889 612 1973 Dionysium
636 1889 768 1955 decadis
792 1888 987 1955 mentionem
1011 1888 1171 1955 iacturum
1197 1885 1309 1970 luisse,
1333 1887 1362 1952 si

191 1993 258 2075 ipsi
273 1993 479 2078 innotuisset,
503 1997 572 2062 iure
596 1996 640 2060 Μ.
657 1998 695 2062 Ε.
711 1996 752 2060 Η.
769 1995 913 2062 Meierus
936 1996 1116 2063 adnotavit.
1142 1994 1175 2077 (l.
1192 1994 1212 2059 l.
1229 2014 1258 2059 n.
1275 1992 1360 2079 53.);

148 2108 152 2113 “
192 2119 328 2181 cumque
349 2101 384 2166 in
407 2107 551 2169 veterum
576 2102 770 2185 scriptorum
788 2122 925 2170 censura
948 2105 968 2168 l.
992 2102 1013 2167 l.
1038 2101 1134 2188 (quae
1157 2100 1295 2183 epitome
1311 2104 1363 2167 est

195 2279 261 2334 stilo
290 2287 399 2336 secutus
423 2280 606 2348 Theophrasti
633 2281 689 2334 tria
715 2280 878 2336 elocutionis
902 2295 1003 2349 genera
1021 2279 1178 2334 Atticarum
1206 2279 1361 2333 litterarum

193 2382 353 2436 progressus
378 2368 502 2436 depinxit
533 2369 741 2438 descripsitque,
777 2370 911 2437 quomodo
929 2369 1059 2423 crevisset
1087 2367 1242 2435 eloquentia
1265 2367 1362 2421 Attica

192 2458 324 2524 exemplis
350 2473 415 2513 usus
437 2458 589 2527 principum
610 2462 747 2513 oratorum
767 2459 933 2528 Gorgiae,
958 2457 1188 2526 Thucydidis,
1212 2455 1359 2523 Lysiae,

193 2546 291 2600 deinde
311 2547 590 2616 Thrasymachi,
616 2549 802 2614 Isocratis,
826 2549 999 2613 Platonis,
1019 2548 1074 2603 lam
1099 2548 1133 2600 ed
1152 2545 1361 2600 Demosthenem

191 2635 351 2702 perveniens
370 2634 420 2690 hoo
438 2638 518 2691 modo
536 2636 640 2706 pergit:
663 2634 762 2697 Ἀλλά
778 2634 832 2718 γάρ
849 2635 894 2697 ἵνα
904 2635 944 2714 μή
966 2683 973 2696 .
999 2689 1005 2700 .
1031 2688 1038 2701 .
1064 2631 1176 2713 δλόγος
1197 2657 1247 2711 μοι
1263 2635 1359 2712 προβῇ

190 2719 338 2783 Πλάτωνα
361 2723 412 2799 μὲν
436 2721 522 2795 ἐάσω,
551 2723 730 2801 πορεύσομαι
753 2728 827 2786 δ’ἐπὶ
857 2723 907 2785 τόν
929 2728 1127 2802 Δημοσθένην,
1156 2719 1190 2784 οὗ
1220 2720 1256 2801 δή
1277 2719 1361 2803 χάριν

189 2808 259 2881 τούς,
277 2834 308 2871 τε
338 2821 524 2891 χαρακτῆρας
550 2822 599 2890 τῖγς
629 2813 739 2884 λέξεως,
763 2810 812 2883 otc
843 2810 964 2892 ήγούμην
995 2811 1067 2888 εἶναι
1099 2816 1278 2891 κρατίστους,
1310 2813 1359 2870 καὶ

188 2897 255 2970 τούς
277 2897 504 2971 δυναστεύοντας
518 2907 547 2961 ἐν
571 2901 669 2973 αὐτοῖς
684 2899 955 2980 κατηριθμησάμην,
972 2901 1022 2981 οὐχ
1038 2897 1187 2970 άπανταςι
1210 2899 1360 2978 Ἀντιφῶν

189 2986 244 3068 γάρ
278 2985 313 3065 δή
347 2992 396 3048 καὶ
433 2987 638 3069 Θεόδωρος
678 2993 727 3050 καὶ
769 2987 1032 3068 Πολυκράτης,
1065 2986 1212 3057 Ἰσαῖός
1244 3010 1275 3048 τε
1310 2990 1359 3047 καὶ

188 3078 335 3138 Ζωΐλοθ
359 3081 408 3138 καὶ
428 3078 677 3157 Ἀναξιμένης
699 3082 748 3138 καὶ
772 3084 800 3139 οἱ
822 3076 898 3139 κατὰ
919 3076 985 3149 τούς
1008 3075 1111 3148 αύτούς
1133 3073 1276 3158 γενόμενοι
1298 3072 1359 3136 τού

188 3186 249 3235 τοις
277 3163 395 3246 χρόνους
424 3167 513 3228 οὐδὲν
544 3163 608 3228 ούτε
641 3165 738 3228 καινὸν
777 3164 841 3228 ούτε
872 3165 1011 3244 περισσόν
1049 3163 1249 3242 ἐπετήδευσαν,
1283 3161 1357 3224 ἀλλά

189 3250 248 3314 άπὸ
278 3251 385 3315 τούτων
422 3264 477 3316 τῶν
503 3253 692 3335 χαρακτήρων
722 3258 771 3316 καὶ
801 3253 883 3334 παρά
913 3253 1031 3326 τούτους
1061 3253 1127 3325 τούς
1150 3251 1273 3324 κανόνας
1305 3251 1359 3323 τάς

189 3346 294 3404 ἑαυτῶν
316 3342 405 3415 λέξεις
427 3341 652 3406 κατεσκεύασαν.

297 3466 486 3535 1)ad.Amm.
506 3473 528 3525 Ι.
549 3487 570 3525 c.
598 3470 637 3524 2.:
681 3473 729 3531 καὶ
777 3466 841 3532 olea
887 3477 915 3531 οἱ
958 3473 1024 3548 περὶ
1069 3468 1272 3548 Θεόδωρον
1309 3472 1358 3529 καὶ

191 3554 439 3637 Θρασύμαχον
471 3562 520 3618 καὶ
542 3559 777 3638 Ἀντιφῶντα
806 3565 932 3640 σπουδῆς
955 3556 1034 3631 άξιον
1057 3559 1138 3620 οὐδὲν
1169 3554 1260 3638 εὗρον,
1291 3553 1358 3619 σύτο

186 3643 402 3723 Ἰσοκράτης
425 3647 736 3727 καὶΆναξιμένης
759 3653 808 3710 καὶ
822 3646 1068 3724 Ἀλκιδάμας
1099 3644 1163 3708 ούτε
1197 3654 1226 3709 οἱ
1247 3644 1358 3716 τούτοις

188 3731 401 3812 συμβιώσαντες
430 3747 490 3804 τοῖς
520 3735 644 3816 ἀνδράσι
671 3735 919 3819 παραγγελμάτων
948 3744 1079 3817 τεχνικῶν
1109 3748 1282 3817 συγγραφεῖς
1308 3739 1357 3796 καὶ

188 3821 345 3900 ἀγωνισταὶ
367 3820 459 3904 λόγων
489 3828 651 3903 ῥητορικῶν,
684 3833 712 3888 οἱ
742 3830 808 3904 περὶ
839 3828 1054 3902 Θεοδέκτην
1086 3829 1135 3885 καὶ
1168 3827 1357 3886 ψίλισκον

187 3913 237 3970 καὶ
258 3909 404 3973 Ἰσαῖον
419 3916 468 3973 καὶ
485 3911 770 3994 Κηφισόδωρον,
795 3916 1025 3994 Ὑπερείδην
1040 3936 1071 3975 τε
1087 3917 1135 3974 καὶ
1152 3919 1357 3993 Λυκοῦργον

187 4001 237 4058 καὶ
270 4000 477 4081 Αἰσχίνην,
511 3998 569 4063 ούτ’
605 4001 693 4073 αύτός
724 4004 740 4065 ὁ
775 4007 1027 4082 Δημοσθένης
1162 4012 1290 4072 τοιοῦτος
1320 3999 1356 4062 άν

186 4091 295 4167 ἐγένετο
326 4101 387 4159 τοῖς
417 4087 603 4169 Ἰσοκράτους
631 4111 663 4152 τε
686 4095 735 4152 καὶ
756 4092 869 4153 Ἰσαίου
892 4091 1086 4170 κοσμούμενος
1109 4091 1354 4170 παραγγέλμασιν,

187 4180 214 4236 εἰ
240 4173 281 4255 μή
308 4175 362 4248 τάς
390 4177 615 4258 Ἀριστοτέλους
646 4183 747 4261 τέχνας
783 4179 934 4258 ἐξέμαθεν.
981 4184 1072 4249 (Hanc
1111 4179 1355 4247 Peripateticorum

185 4267 350 4321 sententiam
368 4267 480 4336 Dionys.
499 4267 529 4322 in
547 4285 604 4337 sqq.
623 4271 745 4325 refutare
764 4271 879 4338 studet.)
