3092 4692
627 242 842 344 *¹⁶-

143 444 256 523 Nequo
265 460 343 508 vero
355 442 459 524 magis
471 438 668 521 profuerunt
678 439 809 506 illorum
822 440 984 505 humidum
997 439 1110 506 studia
1120 414 1325 522 eloquentiae

143 549 351 616 renovandae
365 566 463 629 quam
478 548 682 613 subtilitates
695 546 995 628 Apollodoreorum‚
1001 545 1024 631 ¹)
1041 564 1113 612 oum
1136 547 1237 632 vitiis,
1260 567 1324 615 non

143 735 195 789 rod
203 727 451 807 παραγγέλματος.
497 724 533 779 id.
545 725 578 799 de
591 725 676 780 Thoe.
687 739 710 778 e.
728 721 763 778 52
776 740 841 792 pag.
853 722 923 779 942:
943 719 995 794 Εἷς
1005 721 1045 784 ἔτι
1059 727 1323 801 miraculolorum

144 812 227 897 λόγος
248 817 315 894 περὶ
337 824 393 875 τῶν
414 817 619 891 μιμησαμένων
648 809 698 874 τὸν
720 807 817 891 ἄνδρα
840 809 969 892 ῥητόρων
997 834 1029 873 τε
1052 817 1101 874 καὶ
1129 819 1324 896 συγγραφέων.

145 906 186 961 De
204 904 332 960 Platonis
341 901 538 958 imitatoribus:
556 902 590 957 de
608 900 672 957 Din.
691 899 716 955 8.
736 906 765 962 οἱ
786 902 839 979 μὲν
854 898 1004 962 Πλάτωνα
1026 910 1185 980 μιμεῖσθαι
1199 905 1327 983 λέγοντες
1396 930 1402 973 j·

145 997 194 1054 nal
217 991 251 1055 ari
282 993 335 1070 μὲν
360 991 480 1071 ἀρχαῖον
510 994 560 1051 καὶ
589 987 701 1069 ὑψηλὸν
732 993 782 1050 καὶ
806 986 906 1070 εὔχαρι
937 993 986 1051 καὶ
1009 989 1098 1052 καλὸν
1120 989 1154 1050 od
1177 989 1327 1070 δυνάμενοι

144 1085 252 1164 ladam,
276 1076 483 1160 δνθνραμβῶΰη
505 1080 536 1139 di
560 1077 689 1155 ὀνόματα
712 1077 771 1139 ’καί
792 1076 917 1157 φορτικὰ
942 1083 1119 1159 εἰςφέροννες
1147 1077 1223 1141 κατὰ
1246 1080 1323 1142 τοῦτ’

145 1173 307 1252 mmmm
329 1172 445 1248 ῥᾳδίως.
469 1168 503 1222 ci.
524 1170 556 1224 de
575 1169 651 1224 Dem.
676 1167 721 1220 23.
757 1169 799 1223 De
817 1169 981 1238 Hyperideis
994 1185 1021 1224 r.
1038 1170 1071 1224 de
1087 1168 1151 1224 Dia
1172 1167 1205 1223 8:
1225 1176 1255 1231 οἱ
1275 1171 1327 1248 μὲν

146 1262 321 1339 Ὑπερείδην
352 1254 529 1336 μιμούμενοι.
583 1257 691 1313 Similia
716 1258 748 1312 de
767 1257 922 1313 Atticorum
949 1258 1114 1326 scriptorum
1133 1258 1323 1314 imitatoribus

145 1348 250 1416 iudicia
269 1364 330 1403 cum
342 1346 519 1402 inveniantur
537 1347 609 1414 apud
619 1345 775 1401 Ciceronem
789 1345 835 1411 (el.
856 1347 889 1400 de
902 1346 1086 1414 Thucydideis
1099 1363 1138 1402 or.
1157 1346 1207 1400 32:
1227 1348 1325 1413 „huius

146 1437 257 1506 (Tbuo.)
286 1442 378 1492 tamen
405 1451 483 1491 uerno
515 1450 603 1503 noque
635 1434 781 1491 verborum
807 1450 895 1503 aeque
928 1435 1126 1490 sententiarum
1153 1437 1325 1505 gravitatem

146 1527 287 1582 imitatur:
313 1525 361 1581 sed
387 1541 448 1580 curn
466 1524 566 1580 mutila
591 1525 721 1592 quaedam
748 1528 777 1579 et
794 1524 902 1579 hiantia
919 1525 1006 1579 locuti
1025 1532 1097 1587 sunt,
1117 1540 1185 1593 quae
1204 1525 1249 1579 rel
1267 1525 1325 1579 sine

147 1615 282 1685 magistro
301 1615 391 1670 lacere
410 1618 567 1683 potuerunt,
586 1628 730 1682 germanos
749 1629 778 1668 se
807 1620 908 1682 putant
936 1628 994 1669 esse
1013 1613 1204 1682 Thucydidas“
1223 1613 1260 1667 ib.
1290 1613 1323 1667 de

145 1702 366 1773 Xenophonteis;
394 1702 428 1757 de
446 1701 573 1771 Lysiauis
592 1717 630 1756 or.
649 1700 684 1754 29
703 1719 742 1771 sq.
767 1703 846 1757 Bmt
877 1701 943 1770 121;
971 1699 1024 1754 285
1049 1699 1099 1770 sq.)
1127 1701 1195 1756 satis
1213 1706 1327 1771 apparot

145 1794 201 1850 iam
220 1791 358 1848 Ciceronis
376 1790 543 1860 temporibus
571 1789 607 1857 (a.
627 1788 715 1856 50551.
740 1807 766 1846 r.
787 1790 943 1845 Harneolrer
961 1789 991 1844 in
1010 1789 1144 1845 Fleckeis.
1170 1806 1233 1844 ann.
1254 1787 1325 1843 1882

146 1899 172 1950 p.
192 1879 265 1950 610.)
283 1879 369 1936 luisse
388 1879 434 1948 qui
455 1881 484 1934 in
496 1878 635 1934 imitandis
653 1878 757 1933 Atticis
776 1880 885 1934 modum
897 1895 929 1933 ao
947 1879 1083 1935 rationem
1100 1894 1155 1934 non
1174 1884 1323 1933 servarent.

146 1972 220 2038 Quae
233 1986 293 2025 eum
305 1969 347 2024 ita
359 1969 423 2034 rint,
437 1968 513 2022 cadit
527 1966 734 2023 Wilamowitrii
752 1974 951 2033 argumentum,
965 1984 1018 2035 quo
1029 1967 1192 2035 Dionysium
1205 1966 1323 2022 Caecilio

146 2060 278 2115 rumorem
295 2058 381 2114 luisse
400 2057 466 2111 inde
484 2057 630 2112 ostendere
650 2057 768 2121 studeat,
789 2062 866 2122 ,mil
879 2077 907 2110 er
929 2063 1009 2111 sehon
1023 2077 1099 2125 gagen
1118 2063 1156 2111 die
1179 2061 1270 2111 meas
1288 2063 1323 2110 ine

145 2155 244 2216 τέμνειν
263 2151 347 2214 loger
365 2152 435 2200 hatte
451 2150 572 2215 kdmpfrn
591 2146 721 2199 marscal‘
739 2145 776 2208 (v.
790 2157 850 2214 pag.
864 2149 908 2210 3.)

258 2250 282 2318 ¹)
301 2251 376 2306 Satis
394 2250 463 2306 mibi
481 2251 685 2322 comprobatum
703 2267 762 2306 esse
774 2251 884 2306 ridetur
896 2251 1092 2320 Apollodoreos
1111 2250 1255 2307 subtilibus
1268 2250 1324 2305 sais

149 2339 356 2410 quaestionibus
373 2346 519 2409 occupatos
538 2341 611 2395 nihil
629 2355 739 2396 curasse
758 2340 949 2397 Atticismum:
976 2357 1060 2409 quare
1084 2353 1139 2397 nou
1157 2340 1252 2395 dubito
1276 2340 1322 2393 ad·

148 2446 244 2486 versus
263 2429 474 2485 Wilamowitrii
496 2429 661 2484 seutentiam
679 2429 807 2484 assentiri
825 2429 932 2485 Rohdei
950 2430 1043 2485 vorbis
1064 2431 1098 2484 N.
1117 2429 1169 2485 Rh.
1188 2430 1257 2485 llus
1276 2428 1319 2495 41,

148 2517 210 2574 178:
239 2524 315 2584 „Dm
334 2523 468 2587 Apollodor
499 2538 556 2572 sum
576 2523 722 2586 quinder
749 2524 791 2572 das
809 2524 960 2573 Alticienses
986 2540 1019 2573 ru
1046 2525 1151 2573 machm
1173 2523 1247 2587 fehlt
1268 2522 1324 2585 jede

148 2606 359 2675 BerechtIeungf‘
421 2606 524 2674 Quibus
550 2606 642 2660 verbis
669 2622 724 2662 non
752 2606 845 2662 obstat
876 2608 949 2676 quod
979 2608 1130 2676 Augustus,
1161 2605 1323 2674 Apollodori

148 2696 305 2765 discipulus,
330 2696 388 2764 ipse
406 2695 554 2751 Atticismo
579 2695 682 2751 lavisse
704 2696 825 2760 videtur,
853 2710 933 2764 quem
951 2696 1118 2752 Maecenatis
1140 2693 1326 2765 myrobrachis

147 2786 286 2842 cincinnos
304 2784 418 2839 elusisse
435 2785 510 2840 Suet.
529 2784 623 2839 tradit.
639 2783 723 2854 (Aug.
742 2782 787 2853 863
806 2785 841 2840 oi.
860 2784 940 2841 Diou.
956 2784 990 2841 de
1008 2784 1115 2853 antiqu.
1134 2790 1216 2840 oratt
1236 2784 1325 2852 prael.

148 2893 169 2930 a
188 2874 214 2942 3,
239 2891 265 2944 p.
291 2871 362 2941 448).
399 2873 438 2927 At
466 2872 627 2940 Apollodori
656 2873 801 2941 disciplina
827 2873 877 2929 rix
903 2889 951 2941 per
978 2888 1026 2928 sex
1056 2889 1161 2929 menses
1189 2888 1255 2927 usus
1282 2878 1324 2926 est

147 2966 299 3034 Augustus,
319 2977 378 3018 cum
391 2960 489 3016 nuntio
503 2960 628 3016 (laeseris
640 2961 781 3017 interiecti
793 2962 878 3017 allato
897 2962 931 3016 ab
944 2962 1090 3030 Apollonia
1102 2961 1168 3016 urbe
1180 2967 1326 3017 revocatos

147 3059 203 3108 ost:
221 3051 376 3121 insequenti
389 3056 481 3105 autem
499 3056 621 3117 tempore
634 3066 797 3118 quamquam
816 3050 845 3105 in
858 3067 958 3120 magno
968 3052 1069 3106 bonore
1082 3050 1201 3105 babebat
1213 3051 1325 3119 Apollo·

149 3143 244 3196 dorum
273 3139 381 3208 (Strabo
400 3139 481 3204 XIII,
499 3136 573 3205 625),
591 3143 683 3193 taruen
701 3138 780 3193 bellis
809 3154 870 3193 eum
896 3146 925 3194 et
943 3140 1024 3209 gravi
1051 3139 1184 3209 regnandi
1213 3154 1324 3194 munere
1365 3158 1367 3161 ·

148 3234 310 3296 occupatum
334 3232 430 3296 postea
455 3225 557 3281 scholis
582 3226 641 3282 eius
658 3226 818 3282 interfuisse
836 3227 883 3282 vix
903 3227 1031 3283 credibile
1056 3233 1107 3283 est.
1145 3228 1234 3296 Quid?
1262 3228 1325 3282 sim-

148 3315 273 3386 plicioris
291 3322 320 3371 et
338 3314 453 3385 purioris
472 3316 604 3370 sermonis
630 3330 720 3371 amore
739 3330 828 3371 noune
847 3316 906 3384 ipse
928 3318 954 3371 J.
974 3318 1073 3372 caesar
1097 3317 1169 3371 iuter
1188 3317 1324 3372 Romanos

149 3399 339 3474 daoauohaoog
373 3420 434 3459 eum
474 3402 602 3458 imbuisse
641 3404 770 3460 videtur?
819 3406 880 3459 Non
935 3405 1015 3460 multi
1041 3406 1158 3460 Romani
1197 3406 1227 3460 in
1262 3420 1325 3459 con·

147 3496 243 3562 spectu
260 3492 319 3547 eius
340 3492 519 3547 versabantur
540 3492 574 3546 ab
593 3492 695 3549 Asiane
717 3510 840 3550 sermono
861 3492 1057 3549 abhorrentes?
1093 3493 1155 3549 Non
1176 3493 1321 3548 exstabant

149 3579 239 3645 Bruti,
259 3579 344 3645 Gelai,
364 3581 431 3648 quin
450 3581 535 3636 etiam
554 3580 692 3637 Ciceronis
710 3588 848 3651 postrema
873 3583 978 3652 scripta
996 3581 1134 3637 rhetorica
1151 3582 1222 3637 unde
1241 3582 1327 3636 bonae

149 3667 283 3725 orationis
301 3675 447 3736 praecepte
466 3670 569 3725 discere
587 3669 706 3726 licebat?
744 3672 778 3725 In
796 3686 828 3725 eo
847 3677 1007 3726 contentum
1024 3669 1109 3726 fuisse
1122 3671 1326 3740 Apollodorum,

149 3763 182 3814 ut
199 3755 346 3826 discipulos
373 3758 408 3812 ad
425 3756 536 3826 iudicis
563 3759 665 3828 optime
691 3764 802 3827 pararet
820 3764 880 3813 arte
907 3759 1026 3814 dilucide
1051 3766 1144 3829 partes
1172 3759 1328 3816 orationum

150 3844 341 3915 distinguendi
359 3845 444 3900 etiam
462 3861 496 3900 ex
513 3847 638 3902 laudibus
652 3851 772 3915 apparet,
792 3846 889 3914 quibus
909 3847 964 3903 Oio.
983 3848 1012 3903 in
1030 3849 1112 3904 Bruti
1139 3844 1175 3916 ἐξ
1194 3845 1327 3900 aul-lo.

150 3933 286 3991 Oulidium
304 3939 333 3989 et
350 3933 440 4003 ipsum
457 3933 576 3991 rhetoris
596 3932 758 4001 discipulum
784 3934 872 4004 effert3
891 3938 939 3992 sed
964 3937 1037 4005 quod
1055 3953 1089 3992 ex
1116 3934 1218 3991 eisdem
1236 3935 1328 3991 verbis

149 4024 273 4080 Braoslra
300 4021 319 4077 l.
339 4021 358 4077 l.
376 4037 403 4091 p.
422 4019 456 4073 67
485 4021 624 4078 concludit
643 4019 743 4076 Oelidii
769 4022 879 4079 dicendi
907 4041 994 4095 genus
1014 4025 1152 4094 placidum
1175 4031 1204 4079 et
1222 4041 1327 4090 sanum,

150 4112 195 4166 oui
213 4117 306 4166 tamen
324 4111 421 4165 deerat
443 4105 476 4169 cd
500 4107 610 4175 πάθος,
630 4107 717 4163 luisse
742 4111 827 4166 etiarn
845 4112 1006 4183 Apollodori
1030 4114 1107 4170 nullo
1130 4112 1190 4169 iure
1217 4112 1328 4168 delendi

150 4202 251 4264 potest.
271 4199 312 4253 De
326 4197 431 4254 Oalidlo
445 4197 480 4252 el.
493 4196 577 4251 etiam
588 4190 728 4251 Robdeum
738 4198 756 4253 l.
769 4199 788 4253 l.
799 4216 826 4268 p.
837 4199 889 4254 176
901 4199 962 4254 adn.
981 4201 1075 4270 Neque
1088 4202 1158 4270 quod
1169 4200 1329 4271 Apollodori

151 4280 278 4350 discipuli
305 4285 453 4353 Vispanius
481 4289 511 4338 et
537 4277 686 4345 meursius
714 4287 876 4354 cognomine
903 4287 1057 4344 Atticorum
1084 4291 1175 4345 ornati
1200 4296 1267 4345 sunt
1292 4289 1343 4369 ⁸⁶,
