3092 4692
695 284 699 295 .
720 238 764 306 36

156 438 353 521 cubuissent,
376 434 498 503 nemini
521 434 584 501 erit
608 435 748 502 dubium.
796 436 973 500 Attamen
1002 433 1031 498 si
1054 434 1155 514 ipsius
1178 433 1328 517 Dionysii

156 544 280 625 scripta
301 543 546 625 excesserimus,
570 547 608 606 ut
622 558 703 620 quos
726 541 868 605 maxime
884 546 1034 605 auctores
1057 538 1091 603 in
1115 538 1327 605 diiudicandis

156 648 360 717 orationibus
376 651 488 715 rhetor
503 653 638 714 secutus
654 646 698 712 sit
714 665 954 730 cognoscamus,
970 664 1074 726 neque
1089 645 1208 711 multos
1222 664 1328 726 neque

156 774 276 839 graves
306 755 509 823 inveniemus
540 752 724 836 scriptores.
769 755 851 818 Nam
883 751 937 833 qui
968 750 1098 833 saepius
1121 752 1329 818 nominantur

157 859 347 927 Callimachi
390 864 424 927 et
462 862 736 944 Pergamenorum
776 857 1057 942 grammaticorum
1092 857 1226 923 tabulae
1237 857 1261 942 1)
1294 864 1332 923 ut

155 967 324 1034 levissime
349 966 549 1047 compositae
571 965 746 1045 multisque
769 962 879 1030 iudicii
895 962 987 1031 vitiis
1010 964 1154 1028 imbutae
1174 981 1331 1028 nonnum·

159 1092 254 1156 quam
277 1073 318 1139 ab
341 1071 412 1154 ipso
436 1070 596 1155 Dionysio
627 1070 749 1137 acriter
778 1069 1022 1152 vituperantur3
1058 1068 1194 1134 ahorum
1220 1074 1329 1134 autem

158 1179 353 1260 scriptorum
379 1199 451 1245 oum
474 1177 595 1244 iudicis
618 1176 731 1244 critica
760 1178 795 1242 in
819 1177 983 1242 orationes
1007 1176 1155 1241 adhibita
1176 1194 1242 1240 non
1265 1174 1330 1240 nisi

158 1283 310 1366 παρέργως
351 1285 438 1367 apud
471 1285 663 1366 Dionysium
698 1280 908 1368 occurrant2)
949 1301 1012 1346 non
1047 1281 1202 1347 audacius
1237 1282 1330 1347 nobis

157 1392 321 1458 iudicasse
354 1391 502 1458 uidemur
536 1396 640 1455 artem
675 1388 822 1455 criticam
856 1389 984 1453 ratione
1018 1394 1052 1452 et
1081 1386 1138 1452 via
1169 1387 1330 1453 excultam

157 1498 300 1565 nondum
326 1497 427 1564 fuisse
450 1502 527 1562 ante
542 1495 735 1578 Dionysium
759 1502 794 1561 et
810 1493 1026 1579 Caecihum.³)
1070 1494 1142 1559 Iam
1158 1513 1235 1560 vero
1259 1512 1328 1559 cum

159 1603 198 1668 id
222 1621 368 1686 agamus,
399 1608 436 1668 ut
465 1604 578 1669 horum
601 1604 767 1668 rhetorum
790 1608 865 1667 uter
886 1599 977 1682 prior
1007 1598 1131 1666 criticis
1154 1598 1270 1666 studiis
1293 1618 1327 1665 se

159 1708 289 1775 dederit
311 1710 528 1794 ostendamus
553 1707 710 1775 iaciamus
733 1705 910 1773 Caecilium
926 1705 1085 1790 Dionysio
1110 1710 1220 1772 aetate
1243 1712 1331 1772 ante·

159 1815 298 1881 cessisse
321 1853 365 1862 —
389 1816 490 1896 quid?
536 1816 684 1882 acerrimi
718 1813 860 1881 auctoris
890 1811 1012 1878 iudicia
1042 1831 1118 1878 num
1140 1813 1328 1895 putabimus

157 1920 361 2005 Dionysium,
398 1941 470 1989 cum
506 1925 539 1988 et
571 1920 642 2002 ipse
676 1922 759 1986 haec
790 1918 897 1986 studia
935 1923 1105 2003 tractaret,
1145 1919 1239 2001 plane
1269 1938 1324 1986 ue·

160 2065 373 2076 ——-——-—

267 2132 291 2200 ¹)
311 2133 392 2189 Dion.
411 2134 444 2189 de
462 2134 526 2190 Diu.
546 2151 569 2189 c.
589 2133 612 2187 1.
632 2150 658 2204 p.
684 2131 746 2186 630.
782 2129 875 2202 Εἰδὼς
899 2132 980 2194 οὐδὲν
1003 2132 1119 2211 ἀκριβὲς
1143 2128 1207 2193 οὔτε
1224 2134 1331 2192 Καλλί-

157 2245 252 2303 μαχον
275 2218 340 2283 orlaa
356 2220 421 2293 τοὺς
444 2228 475 2283 ἐκ
491 2220 650 2304 Περγάμου
673 2218 889 2303 γραμματικοὺς
912 2225 978 2301 περὶ
993 2222 1081 2283 αὐτοῦ
1104 2217 1332 2300 συγγράφοντας

158 2335 183 2377 κ.
207 2333 232 2372 a.
255 2313 291 2381 i.‚·
303 2312 338 2366 cf.
364 2313 397 2367 de
414 2311 476 2366 Diu.
496 2328 518 2366 e.
538 2311 580 2365 10.
599 2330 625 2382 p.
644 2312 711 2379 653;
736 2313 769 2366 de
789 2312 928 2367 Demosth.
959 2328 981 2365 e.
1001 2310 1043 2365 13.
1066 2328 1091 2380 p.
1116 2309 1184 2378 9943
1204 2311 1236 2364 de
1256 2311 1331 2365 isses

159 2417 181 2455 c.
201 2399 226 2453 6.
246 2416 272 2469 p.
291 2399 357 2469 5943
375 2401 410 2455 ad
427 2401 515 2455 Amm.
534 2416 575 2468 ep.
594 2402 617 2454 I.
637 2416 659 2454 c.
677 2400 702 2452 4.
722 2417 748 2469 p.
768 2399 834 2455 724:
864 2405 893 2460 oi
920 2397 987 2470 τοὺς
1015 2396 1181 2479 ῥητορικοὺς
1208 2401 1332 2467 πίνακας

159 2485 395 2568 σογγροίψαατες,·
418 2488 452 2543 de
469 2487 532 2542 uin.
557 2485 641 2541 o.11.
666 2504 693 2556 p.
713 2487 780 2542 661:
799 2493 829 2548 eu
851 2499 911 2557 τοῖς
934 2493 1134 2568 Περγαμηνοῖς
1155 2486 1242 2558 ulcu}
1253 2533 1259 2545 .

269 2590 292 2659 ²)
312 2594 396 2648 Velut
418 2593 550 2650 iudicium
568 2593 702 2649 Demetrii
720 2595 859 2662 Magnetis
884 2595 917 2649 de
941 2595 1064 2650 oratioue
1082 2594 1212 2649 Dinarchi
1237 2600 1331 2648 contra

160 2680 377 2747 Demosthenem,
396 2682 476 2738 Dion.
489 2684 523 2739 de
541 2683 604 2738 Din.
624 2699 646 2736 o.
667 2681 681 2735 l
700 2700 726 2752 p.
745 2681 811 2752 6313
830 2685 865 2738 of.
885 2684 917 2737 de
936 2683 998 2738 Diu.
1018 2700 1040 2737 o.
1059 2683 1076 2737 6
1094 2701 1120 2752 p.
1139 2681 1192 2737 640
1209 2700 1249 2751 sq.

265 2765 290 2837 ⁸)
309 2769 372 2839 liupr
390 2769 488 2826 mirum
506 2771 617 2827 videtur
636 2772 707 2841 quod
725 2771 795 2827 illud
808 2771 898 2840 ipsum
916 2769 969 2843 „uo
984 2774 1110 2850 διορίσαι
1133 2769 1200 2840 τούς
1222 2793 1253 2830 τε
1271 2793 1331 2850 ysp-

160 2860 239 2928 σίοος
269 2860 318 2918 καὶ
342 2861 459 2935 ψευδεῖς
488 2856 606 2940 λόγους(ι
625 2861 653 2915 iu
667 2860 825 2916 Callimachi
838 2861 980 2929 pinacibus
992 2877 1045 2915 non
1058 2861 1164 2915 inuenit
1177 2859 1331 2927 Dionysius.

159 2948 252 3015 Neque
270 2947 341 3003 euim
360 2946 526 3003 Callimacho
545 2955 624 3003 tanto
642 2949 825 3004 bibliothecae
851 2949 1083 3004 administrandae
1101 2965 1210 3004 munere
1229 2950 1331 3010 fruneto,

161 3051 221 3092 cum
239 3036 363 3105 ingentis
381 3035 512 3092 librorum
530 3036 715 3091 multitudinis
741 3037 886 3091 maximam
911 3044 1015 3106 partem
1035 3038 1164 3093 confusae
1189 3043 1271 3105 atque
1289 3037 1330 3090 in-

160 3124 324 3194 compositae
343 3125 451 3180 ordines
469 3133 552 3194 utque
571 3124 692 3194 catalogi
717 3131 807 3180 essent
826 3127 994 3194 conficiendi,
1022 3126 1177 3182 accuratius
1195 3125 1332 3195 inquirere

158 3211 245 3278 licuit,
258 3230 311 3281 quo
324 3213 437 3280 quisque
449 3213 508 3269 iure
520 3214 589 3270 liber
599 3214 632 3281 ei,
643 3213 718 3270 cuius
728 3230 787 3270 esse
798 3216 943 3281 ferebatur,
958 3215 1062 3271 auctori
1076 3221 1148 3270 esset
1161 3215 1330 3269 tribuendus:

159 3298 190 3354 iu
198 3314 230 3355 eo
246 3300 470 3369 acquiescendum
482 3302 508 3356 ei
521 3309 586 3367 erat,
605 3312 637 3358 ut
650 3319 717 3372 quos
726 3305 799 3372 apud
812 3304 916 3372 priores
929 3321 1019 3359 omues
1031 3305 1178 3373 scriptores
1190 3311 1331 3358 auctorum

162 3386 320 3444 inveniebat
337 3388 437 3444 titulos
462 3395 634 3457 componeret
653 3399 760 3448 etcum
779 3392 826 3457 eis,
852 3391 1002 3461 suiipsius
1024 3393 1190 3461 temporibus
1216 3392 1332 3446 maxime

161 3474 301 3543 uigebant,
321 3479 457 3533 conferret
476 3475 569 3545 (Diels.
591 3477 620 3532 in
633 3480 724 3534 Herm.
745 3482 799 3537 vol.
813 3482 903 3536 XXII.
922 3497 948 3549 p.
967 3477 1039 3547 414).
1077 3482 1151 3548 Quae
1169 3480 1272 3535 iudicia
1292 3481 1328 3534 ad

161 3579 239 3620 usum
249 3562 474 3621 bibliothecarum
493 3566 643 3635 composita
656 3582 709 3622 non
719 3569 842 3636 potuisse
860 3569 1020 3623 satisfacere
1033 3569 1166 3638 Dionysio
1184 3568 1259 3622 satis·
1270 3584 1330 3637 per-

161 3651 292 3722 spicitur3
318 3652 382 3706 hino
409 3671 475 3724 ergo
503 3655 670 3724 uituperatio
698 3656 802 3724 pinacis
821 3656 1004 3722 Callimachei‚
1033 3659 1104 3726 quod
1132 3658 1160 3711 in
1189 3674 1220 3714 eo
1244 3658 1332 3712 inesse

161 3740 234 3797 vidit
259 3738 340 3799 odilla
362 3739 486 3822 ἀκριβές.
532 3745 634 3799 Verum
661 3743 740 3809 idem,
766 3745 838 3812 quod
866 3746 899 3800 de
919 3745 1080 3800 Callimachi
1103 3763 1182 3814 opere
1205 3746 1331 3810 diximus

160 3828 237 3885 ualet
248 3827 277 3884 in
289 3828 472 3898 Pergamenos
484 3832 678 3901 grammaticos
690 3848 804 3900 quorum
817 3833 932 3899 tabulas,
955 3835 1051 3903 quibus
1063 3834 1187 3903 inprimis
1201 3834 1333 3890 orationis

161 3918 295 3988 pedestris
314 3917 474 3986 scriptorum
486 3922 619 3977 rationem
638 3921 782 3987 hebebant,
800 3940 855 3978 nou
867 3924 956 3980 minus
975 3925 1068 3979 acerbe
1081 3940 1161 3992 quam
1175 3923 1333 3979 Callimachi

163 4008 251 4076 carpit
269 4005 424 4074 Dionysius.
462 4006 564 4072 Quibus
577 4011 678 4065 tabulis
698 4027 758 4065 oum
778 4019 869 4065 tamen
882 4012 1029 4078 Dionysius
1047 4014 1090 4067 uti
1103 4019 1254 4080 cogeretur,
1273 4013 1333 4067 iure

164 4095 307 4159 coniceres,
327 4090 459 4148 elusmfflfi
479 4092 587 4159 scripta,
607 4097 705 4163 quibus
724 4097 757 4152 de
776 4099 886 4167 scriptis
910 4106 1059 4165 auctorum,
1078 4102 1243 4169 genuiuaau
1261 4102 1333 4156 falsa

163 4190 261 4249 essent,
280 4178 435 4237 accuratius
454 4176 638 4246 dissereretur,
664 4184 768 4239 frustra
787 4187 820 4240 ab
846 4201 954 4240 ecesse
979 4188 1116 4252 quaesitui
1144 4205 1213 4256 quae
1245 4191 1268 4245 si
1286 4206 1331 4244 ex·

163 4271 305 4339 stitisseut
323 4271 370 4327 uix
387 4265 526 4334 fugissent
544 4261 677 4322 hominem
696 4272 916 4326 eruditissimum.
