3092 4692
632 233 845 333 „ji—

148 433 271 517 posuit,
295 451 376 499 sane
398 429 571 514 plurimum
594 436 707 497 nostra
730 432 904 497 interesset
928 429 1112 496 accuratius
1146 428 1323 513 inquirere,

148 558 223 607 num
239 557 323 620 quae
338 537 423 606 ratio
440 536 660 604 intercederet
675 539 762 603 inter
777 535 953 603 maximum
970 535 1137 617 utriusque
1154 535 1323 618 scriptoris

149 665 230 728 opus
253 652 287 712 et
309 663 385 711 num
409 662 492 725 quae
515 642 656 726 vestigia
684 642 821 709 alterius
852 643 1034 708 studiorum
1066 641 1101 707 in
1131 642 1236 709 altero
1269 643 1323 708 de·

149 751 433 835 prehenderentur.

256 859 332 925 Jarn
362 876 440 925 vero
472 855 539 923 illis
569 855 783 939 temporibus,
816 874 887 921 cnm
910 855 1089 938 Dionysius
1120 858 1325 923 conscribere

149 967 310 1047 coepisset
332 962 579 1031 commentarios
611 964 650 1030 de
680 963 823 1043 antiquis
853 963 1047 1048 oratoribus,
1073 965 1203 1029 omnino
1234 961 1325 1029 nulla

148 1071 316 1140 exstitisse
331 1070 468 1137 Caecilii
491 1071 599 1137 studia
622 1071 804 1137 aesthetica
826 1074 860 1136 et
880 1069 994 1136 critica
1010 1069 1230 1153 compluribus
1246 1069 1324 1135 mihi

148 1177 350 1262 argumentis
384 1177 516 1244 videtur
550 1177 751 1244 confirmari:
788 1197 924 1257 quorum
958 1177 1186 1260 gravissimum
1220 1175 1323 1258 primo

147 1287 219 1352 loco
243 1284 426 1352 adscribam
448 1284 550 1366 ipsius
563 1283 714 1367 Dionysii
739 1283 968 1350 testimonium.
1014 1285 1058 1368 Is,
1083 1289 1257 1366 postquam
1283 1283 1323 1347 de

148 1393 254 1459 causis
269 1390 432 1472 disseruit,
451 1392 568 1472 quibus
584 1391 708 1456 factum
725 1395 823 1474 esset,
840 1397 877 1456 ut
891 1389 1073 1457 Atticorum
1089 1389 1322 1457 nobilissimum

147 1504 181 1566 et
203 1497 358 1581 optimum
375 1497 505 1564 dicendi
521 1515 624 1580 genus
641 1498 707 1562 iam
728 1501 914 1580 superasset
929 1496 1085 1564 Asianam
1107 1496 1322 1576 eloquentiam

100 1629 104 1633 ·
147 1604 385 1672 intolerabilem
409 1611 443 1670 et
458 1602 622 1688 frigidam,
645 1606 680 1670 in
692 1603 907 1686 praefationis
924 1603 1163 1670 commentariis
1191 1604 1258 1669 suis
1282 1602 1323 1668 de

147 1710 291 1793 antiquis
321 1711 505 1777 oratoribus
543 1711 743 1792 praemissae
784 1729 854 1792 cap.
889 1710 950 1794 14,
983 1730 1058 1792 pag.
1089 1709 1154 1775 449
1184 1729 1253 1792 sqq.
1285 1711 1322 1776 R.

146 1820 229 1885 haec
251 1817 347 1884 addit
370 1817 485 1884 Verba:
509 1816 559 1889 ,,ε’ξ
580 1812 618 1880 ὧν
641 1815 705 1878 δ’άν
728 1815 768 1877 ἔτι
784 1816 871 1895 μείζω
894 1813 979 1896 λάβοι
1001 1814 1039 1877 τά
1070 1820 1219 1896 κρείττονα
1242 1812 1323 1897 ι’σγάν

145 1935 239 1986 ταῦτα
262 1923 440 2006 πειράσομαι
462 1926 552 2005 λέγειν
575 1921 718 1985 ὑπόδυσιν
740 1933 792 1985 νοῦ
814 1920 899 2004 λόγου
922 1920 1016 2002 κοινὴν
1038 1926 1088 1983 καὶ
1105 1919 1319 2003 φιλάνθρωποι

147 2035 196 2093 καὶ
219 2034 341 2092 πλεῖστα
364 2035 520 2110 δυναμένην
551 2028 654 2111 λαβών.
701 2028 763 2092 ἔστι
794 2027 877 2111 δ’ἦδη
900 2030 1019 2116 (Sylb.:
1044 2027 1124 2117 ita),
1155 2033 1228 2100 τίνες
1251 2033 1323 2090 εἰσὶν

147 2136 366 2219 ἀξιολογώτατοι
397 2147 453 2200 τῶν
487 2137 614 2220 ἀρχαίων
646 2134 774 2218 ῥητόρων
803 2160 834 2198 το
866 2141 915 2199 καὶ
939 2142 1129 2219 συγγραφέων
1163 2141 1212 2198 καὶ
1247 2139 1321 2205 τίνες

147 2244 240 2308 αὐτῶν
262 2248 388 2326 ἐγένοντο
419 2241 605 2325 προαιρέσεις
634 2254 685 2306 τοῦ
711 2267 742 2305 τε
773 2247 838 2326 βίου
861 2248 910 2306 καὶ
939 2254 991 2306 τοῦ
1022 2243 1107 2326 λόγου
1129 2248 1177 2306 καὶ
1205 2247 1236 2304 τί
1260 2245 1322 2322 παρ’

146 2350 270 2414 ἑκάστου
292 2356 339 2413 δεῖ
356 2348 513 2432 λαμβάνειν
536 2349 553 2431 ἢ
575 2348 788 2431 φυλάσσεσθαι.
825 2356 874 2414 καλ
897 2350 1078 2433 θεωρήματα
1102 2356 1151 2413 καὶ
1175 2352 1319 2433 ἀναγκαῖα

146 2472 207 2531 τοῖς
229 2456 366 2521 ἀκούουσι
390 2456 440 2537 τὴν
469 2455 616 2538 πολιτικὴν
647 2462 826 2539 φιλοσοφίαν
857 2463 905 2520 καὶ
929 2459 996 2521 οὐδ
1004 2458 1017 2520 ἐ
1040 2482 1127 2532 σου,
1157 2457 1207 2538 μοὶ
1229 2460 1319 2527 Δία,

147 2564 255 2628 κοινοὶ
290 2566 371 2627 οὐδὲ
406 2564 721 2645 καθγμαξουμένα
749 2578 833 2637 τοῖς
870 2564 1072 2649 πρότερον.
1125 2565 1194 2648 ἐγὼ
1229 2574 1321 2647 γοῦν

147 2673 310 2752 οὐδεμιᾷ
333 2672 495 2754 τοιαύτῃ
517 2671 835 2757 περιαυχώνολδα
859 2683 981 2754 γραφῇ
1004 2671 1149 2752 πολλὴν
1180 2669 1321 2752 ζήτησιν

148 2779 271 2842 αὐτῶν
303 2777 575 2859 ποιησάμενος.
621 2780 655 2842 οὐ
680 2781 733 2859 μὲν
761 2779 797 2860 δὴ
827 2784 1054 2862 διαβεβαιοῦμαί
1078 2805 1118 2862 γε,
1151 2781 1189 2850 ὡς
1211 2777 1247 2859 δὴ
1270 2782 1320 2839 καὶ

147 2896 249 2967 σαφῶς
271 2883 360 2958 εἰδώς.
383 2883 458 2968 τάχα
482 2885 536 2967 γάρ
561 2885 596 2948 do
621 2885 676 2948 εἶέν
697 2910 772 2958 τινες
794 2893 828 2948 αἱ
849 2889 898 2965 ἐμὲ
914 2884 1167 2949 διαλανθάνουσαι
1189 2895 1321 2946 τοιαῦται

146 2996 267 3076 γραφαί,
313 2990 347 3054 τὸ
369 2994 400 3054 δὲ
423 3002 474 3071 τῆς
501 2990 638 3055 ἁπάντων
669 2997 800 3074 ἱστορίας
823 2991 890 3074 ὅρον
922 2992 1024 3056 ἑαυτὸν
1047 3006 1139 3056 νιοιιϊν
1172 2996 1222 3054 καὶ
1252 2994 1319 3073 περὶ

145 3110 197 3162 τοῦ
217 3098 257 3180 μὴ
279 3104 422 3182 γεγονέναι
437 3123 465 3160 τι
486 3109 541 3163 σῶν
573 3105 699 3162 δυνατῶν
722 3099 862 3182 γενέσθαι
893 3099 984 3183 λέγειν
1016 3098 1149 3172 αὔθαδες
1171 3098 1248 3161 πάνυ
1271 3101 1320 3158 καὶ

147 3205 181 3266 oi
203 3204 302 3287 νιόῤῥο
325 3211 459 3285 μανίας.“
504 3209 672 3289 Tanquam
697 3227 784 3275 nova
806 3208 909 3291 igitur
931 3210 1067 3276 necdum
1091 3209 1233 3276 contrita
1261 3225 1321 3272 sua

149 3330 185 3377 se
207 3313 330 3379 indicia
361 3315 511 3396 proferre
531 3313 709 3398 Dionysius
740 3323 854 3398 aperte
885 3317 1055 3398 profitetur
1085 3335 1190 3396 neque
1222 3314 1320 3380 ullam

147 3435 183 3484 sa
212 3419 311 3485 talem
342 3420 550 3502 scriptionem
581 3419 754 3508 invenisse,
780 3424 907 3505 qualem
937 3424 1008 3505 ipse
1039 3428 1126 3489 esset
1157 3422 1319 3504 editurus,

148 3542 340 3605 quamquam
377 3526 618 3609 investigandis
658 3530 817 3595 eiusmodi
852 3530 946 3596 libris
985 3548 1142 3596 summam
1177 3528 1322 3595 dedisset

147 3630 314 3717 operam.¹)
359 3634 405 3700 At
419 3654 496 3701 num
512 3633 688 3718 Dionysius
704 3637 785 3702 baec
805 3637 906 3703 verba
926 3637 1016 3719 operi
1036 3654 1092 3704 suo
1113 3635 1321 3719 praemisisse

255 3843 276 3927 l)
295 3847 337 3901 Ad
360 3847 427 3901 haec
451 3847 534 3904 rerba
552 3849 674 3905 Braoalra
695 3849 712 3904 l
731 3849 749 3903 l.
773 3866 799 3918 p.
819 3849 861 3903 ta.
884 3851 946 3905 adn.
969 3850 999 3905 3:
1028 3851 1203 3920 „Dionysius
1221 3850 1320 3919 inquit,

148 3936 287 4005 ceteroqui
311 3951 365 3991 non
389 3935 431 3989 ita
455 3943 597 3993 accuratus
622 3939 652 3994 in
676 3939 834 3995 auctoribus
858 3940 1049 4009 conquirendis
1073 3947 1102 3995 et
1132 3939 1321 4008 comparandis

146 4025 232 4080 tacite
250 4024 375 4081 concedit
391 4037 470 4090 possa
488 4027 617 4090 quosdam
635 4027 743 4083 libellos
762 4027 882 4083 ciusdem
901 4029 1057 4098 argumenti
1075 4029 1189 4098 reperiri
1207 4029 1320 4099 ipsaque

146 4110 327 4194 θεωρήματα
362 4126 423 4166 oum
440 4125 495 4164 non
513 4113 746 4184 vulgariumque
764 4117 834 4173 trita
852 4117 921 4172 dicit
939 4123 1033 4186 aparte
1054 4117 1198 4187 profitetur
1222 4119 1319 4174 saltem

145 4201 275 4258 incohata
292 4198 375 4258 esaa.“
413 4196 498 4251 Miror
517 4208 619 4264 quanta
636 4205 791 4273 sagacitate
810 4222 871 4261 cnm
890 4204 953 4260 aliia
973 4207 1064 4261 verbis
1081 4211 1140 4262 tum
1158 4206 1201 4262 bis
1213 4223 1320 4262 sensum

144 4289 272 4346 intulerit
289 4292 324 4346 ab
336 4307 376 4356 eo,
395 4285 442 4354 qni
459 4283 489 4338 111
507 4283 753 4353 aminternenses
771 4293 888 4348 mamma
906 4293 1055 4362 perspicuis
1075 4294 1157 4362 inest,
1175 4296 1255 4364 plane
1273 4295 1319 4350 ab·
