3092 4692
726 268 771 334 50

160 470 254 533 ratas
289 463 467 547 diligenter
500 464 705 549 collegerint,
742 465 857 547 quihus
892 465 1060 547 antiquum
1095 467 1158 535 sihi
1193 471 1334 537 colorem

160 575 327 656 pararent,
339 569 363 656 1)
385 590 449 637 non
465 571 596 637 dubium
611 590 683 638 esse
705 571 847 640 videtur.
885 574 997 654 Neque
1013 593 1033 638 a
1048 575 1334 656 grammaticorum

160 696 293 744 munere
315 679 522 744 abhorruisse
544 677 685 744 studium
715 678 893 760 colligendi
921 688 971 764 et,
986 680 1174 762 explicandi
1206 684 1334 766 glossas

162 783 391 867 Thucydidess
416 790 668 852 cousentaneum
696 792 757 866 est,
790 803 861 851 cum
885 785 1062 868 Dionysius
1092 786 1164 868 ipss
1194 795 1335 859 testetur

161 892 277 976 multa,
309 908 392 971 quae
415 890 450 956 in
473 890 660 973 Thucydide
682 893 901 975 invenientur,
934 911 1031 975 egere
1060 892 1335 977 interpretatione

162 996 420 1081 grammatice.²)
465 996 555 1063 Nihil
577 996 680 1080 igitur
693 998 862 1080 hebemus,
876 999 961 1080 quod
976 994 1118 1065 Caecilio
1141 1000 1334 1068 nominatim

162 1124 201 1170 ac
222 1123 287 1169 non
309 1104 375 1186 ipsi
396 1104 555 1185 Dionysio
578 1104 631 1170 vel
654 1102 760 1170 cuivis
782 1103 997 1188 grammatico
1028 1106 1212 1187 glossarum
1241 1109 1333 1175 illum

162 1210 323 1278 delectum
361 1208 603 1293 adscribamur,
641 1229 746 1292 neque
784 1229 863 1276 vero
901 1211 977 1277 inde
1015 1211 1056 1276 de
1101 1213 1333 1297 „aestheticis“

162 1315 296 1385 Caecilii
330 1316 448 1382 studiis
485 1315 702 1382 coniecturum
740 1314 915 1398 faciamus3
954 1319 1032 1399 quin
1070 1318 1168 1385 etism
1203 1322 1333 1387 omnino

161 1440 261 1505 opere
283 1423 353 1489 eius
373 1422 553 1487 aestheticn
576 1421 624 1488 eis
639 1423 850 1506 temporibus,
875 1422 994 1503 quibus
1009 1423 1185 1506 Dionysius
1201 1425 1336 1507 scripsit

161 1528 336 1595 secundam
374 1528 416 1594 sd
454 1531 643 1594 Ammseum
681 1528 874 1612 epistulam,
920 1530 1060 1596 noudum
1098 1529 1133 1595 in
1168 1532 1333 1612 publicum

162 1634 293 1716 prolata
315 1652 388 1701 esse
418 1635 500 1700 satis
531 1640 619 1701 certo
641 1641 833 1718 argumento
858 1655 908 1702 me
944 1639 1227 1718 comprobaturum
1260 1657 1335 1704 esse

79 1786 84 1795 -
164 1739 316 1806 arbitror.
361 1742 473 1822 Neque
489 1743 584 1826 onim,
608 1740 638 1806 si
652 1741 719 1807 illis
734 1740 936 1824 temporibus
952 1743 1051 1807 ullam
1067 1743 1132 1808 sibi
1146 1743 1334 1823 paravisset

163 1845 393 1913 auctoritatem
422 1849 576 1928 atquem
599 1847 884 1914 honoreiuissent
915 1846 1036 1912 iudicis
1060 1846 1129 1912 eius
1153 1849 1335 1916 aesthotica

106 1952 114 1967 '
164 1958 199 2020 et
210 1952 334 2037 critice,
350 1952 421 2019 fleri
436 1952 553 2037 potuit,
578 1953 655 2033 quin
671 1952 824 2018 similiter
839 1955 905 2018 iam
917 1952 957 2018 de
972 1951 1171 2033 Thucydidis
1187 1953 1335 2021 oratione

162 2063 311 2126 contorta
334 2064 368 2125 et
390 2059 528 2125 obscura
550 2058 763 2125 iudicavisset
787 2067 888 2139 atque
910 2064 986 2140 post
1008 2057 1115 2140 ipsum
1138 2059 1332 2142 Dionysius:

162 2166 249 2247 quod
271 2165 301 2231 si
323 2165 443 2231 fectum
474 2172 562 2232 esset
584 2164 618 2231 in
642 2163 819 2231 Caecilium
841 2166 908 2230 ism
938 2163 1063 2246 pridem
1092 2163 1262 2231 incidisset
1283 2168 1330 2233 in·

161 2271 253 2339 vidia
276 2270 548 2356 adversariorum,
580 2290 676 2353 quam
701 2271 794 2353 qussi
816 2290 949 2353 prorsus
980 2290 1066 2337 nova
1093 2269 1245 2337 molituro
1269 2271 1335 2338 sibi

164 2380 279 2445 metuit
302 2376 519 2463 Dionysins³)

252 2555 272 2623 ¹)
291 2557 372 2611 Dion.
391 2557 423 2610 de
442 2555 527 2610 Thuc.
547 2570 569 2609 c.
588 2552 624 2609 50
640 2570 666 2622 p.
685 2552 752 2607 939:
802 2559 976 2634 ἐπιχειροῦσι
1006 2557 1040 2613 δέ
1060 2576 1134 2624 τινες
1157 2554 1212 2615 οὐκ
1236 2550 1337 2627 ἄδοξοι

160 2648 303 2725 σοφισταὶ
313 2645 427 2724 λέγειντ,
444 2640 487 2706 ὅτι
498 2654 558 2709 τοῖς
571 2645 623 2721 μὲν
645 2639 719 2722 πρὸς
740 2639 793 2711 τοὶς
813 2638 929 2722 ὀχλικὰς
951 2639 1086 2713 ἐντεύξεις
1100 2647 1337 2723 παρεσκευασμέ·

161 2758 222 2806 νοις
243 2737 292 2795 καὶ
326 2730 364 2793 τολ
386 2735 484 2793 δίκαια
513 2733 642 2812 λέγουσιν
668 2727 720 2793 οὖν
747 2736 825 2792 ἐστιν
854 2727 1013 2808 ἐπιτήδειος
1036 2726 1118 2801 οὗτος
1142 2729 1333 2811 ὁχαρακτήρ.

161 2836 226 2895 τοῖςΙ
245 2823 276 2884 δὲ
299 2819 353 2892 τὰς
374 2818 521 2901 ἱστορικὰς
559 2824 760 2901 πραγματείας
789 2824 968 2898 ἐκφέρουσιν,
1004 2815 1052 2889 αἶς
1081 2822 1336 2900 μεγαλοπρεπείας

162 2936 195 2974 τε
218 2914 333 2973 δεῖκαὶ
368 2909 555 2989 σεμνολογίας
584 2913 633 2970 καὶ
665 2906 871 2988 καταπλήξεως
903 2904 1012 2977 παντὸς
1044 2905 1173 2984 μα’λιστα
1197 2906 1336 2988 προςήκει

161 2998 305 3079 ταύτην
328 3000 461 3060 ἀσκεῖν
482 2994 544 3076 τήν
568 2995 712 3075 φράσιν
734 2994 785 3075 τήν
807 2992 1038 3077 γλωττηματικήν
1051 3017 1083 3056 τε
1107 2999 1156 3057 καὶ
1173 2995 1338 3077 ἀπηρχαιω·

162 3093 248 3168 μένήν
271 3092 320 3149 καὶ
342 3085 480 3167 τροπικήν
501 3112 528 3147 κ.
542 3109 568 3147 τ.
584 3088 608 3146 λ.
637 3087 763 3142 Ceterum
776 3087 889 3153 Dionys.
908 3084 1031 3140 consulto
1049 3090 1131 3154 ροισι
1150 3085 1339 3153 Thucydidem

164 3178 217 3233 sihi
244 3194 354 3248 psrssss
388 3176 530 3232 obscuram
556 3182 585 3231 et
615 3174 756 3231 difficilem
790 3174 938 3229 dictionem
971 3189 1071 3242 eosque
1101 3174 1260 3243 impugnat,
1289 3174 1338 3243 qui

150 3266 333 3334 Thucydidis
351 3265 458 3327 dicendi
472 3280 559 3334 genus
577 3270 670 3320 estate
687 3264 744 3325 ills.
763 3263 900 3331 quovixit
917 3263 963 3317 vir
980 3262 1139 3329 historicus,
1157 3262 1269 3332 vulgari
1286 3279 1339 3319 usu

164 3354 340 3409 tritissimum
362 3353 448 3410 fuisse
472 3352 573 3407 dicant.
602 3352 636 3406 ol.
654 3352 691 3407 ib.
711 3368 733 3406 c.
752 3350 796 3407 50.
815 3350 859 3404 51.
876 3367 902 3419 p.
921 3348 975 3402 939
993 3367 1034 3418 sq.

253 3439 276 3508 ²)
297 3443 328 3496 de
347 3444 433 3499 Thus.
452 3458 474 3496 c.
493 3440 537 3494 bl·
554 3457 581 3509 p·
600 3438 661 3494 940·
698 3440 888 3518 εὐαρίθμητοι
917 3436 973 3520 γάρ
995 3458 1069 3506 τινες
1092 3440 1166 3497 εέσὶν
1190 3443 1219 3499 οἱ
1239 3435 1338 3499 πάντα

162 3527 201 3592 τοὶ
225 3529 400 3592 Θουκυδίδου
422 3531 577 3611 συμβαλεῖν
600 3524 751 3606 δυνάμενοι
784 3531 832 3587 καλ
864 3526 925 3588 οὐδ’
955 3522 1033 3588 οὗτοι
1067 3527 1155 3606 χωρὶς
1181 3523 1339 3607 ἐξηγήσεως

166 3627 364 3701 γραμματικῆς
386 3616 455 3684 ἔνια,
496 3618 629 3675 Similiter
647 3619 681 3673 de
699 3619 763 3684 Lys.
783 3632 806 3671 c
824 3617 849 3671 4„
868 3633 895 3686 p.
913 3616 975 3670 461.

252 3704 275 3772 8)
294 3706 379 3762 Thus·
398 3721 421 3761 c.
440 3706 457 3759 2
475 3724 501 3777 p.
519 3706 581 3761 812·
611 3702 763 3767 ὑποπτεύω
785 3702 840 3785 γὰρ
860 3702 989 3766 ἔσεσθαί
1000 3725 1082 3774 τινας
1096 3712 1153 3765 τῶν
1176 3703 1338 3784 ἀναγνωσιε

164 3799 257 3875 μένων
278 3792 329 3873 τήν
351 3792 471 3876 γραφήν,
493 3793 561 3866 τοὺς
583 3791 803 3871 ἐπιτιμήσοντας
826 3793 898 3872 ήμῖν,
928 3790 972 3855 ὅτι
994 3795 1142 3870 τολμῶμεν
1165 3793 1338 3871 ἀποφαίνειν

167 3886 341 3962 Θουκυδίδην
363 3880 413 3944 τὸν
435 3882 570 3946 ἁπάντων
593 3880 746 3963 κράτιστον
768 3891 824 3944 τῶν
846 3878 1085 3962 ἱστοριογράφων,
1115 3884 1164 3940 καὶ
1189 3878 1265 3941 κατὰ
1286 3878 1338 3959 τήν

165 3976 335 4055 προαίρεσίν
369 3992 439 4033 ποτε
472 3980 526 4054 τῶν
556 3971 647 4054 λόγων
689 3968 894 4050 ἁμαρτάνοντα
934 3973 983 4030 καὶ
1014 3967 1097 4029 ’κατὰ
1136 3965 1187 4047 τήν
1219 3967 1339 4046 δύναμιν

166 4063 389 4135 ἐξασθενοῦντα,
413 4061 462 4119 καὶ
484 4059 546 4119 οὐδ’
570 4057 652 4132 οὗτος
667 4061 742 4139 ἡμᾶς
764 4057 928 4140 ὁλογισμὸς
950 4059 1090 4136 εέςῆλθεν,
1115 4053 1160 4118 ὅτι
1182 4055 1338 4136 παράδοξα

166 4161 412 4229 καινοτομεῖν
434 4142 638 4224 πράγματα
660 4160 806 4227 πρῶτος
828 4153 881 4208 καί
899 4144 1011 4225 μόνος
1034 4142 1162 4222 δόξομεν,
1188 4145 1262 4206 εἴτι
1284 4155 1339 4207 τῶν

166 4237 224 4301 inl
266 4241 441 4303 Θουκυδίδου
478 4235 643 4311 γραφίντων
684 4246 874 4314 συκοφαντεῖν
919 4235 1149 4313 ἐπιβαλλοίμεδα
1188 4258 1214 4294 κ,
1248 4257 1276 4294 τ.
1297 4236 1337 4299 -λ,

166 4327 265 4383 Similis
284 4344 365 4397 quse·
378 4321 502 4392 sequitur
520 4325 563 4372 est
581 4318 714 4377 defensio:
734 4339 749 4376 e
768 4338 821 4391 qna
839 4324 908 4377 satis
930 4323 1020 4378 elucet
1042 4322 1159 4390 primum
1177 4322 1339 4392 Dionysium
