3092 4692
778 256 823 324 86

213 453 392 539 gistrum;¹)
416 471 498 533 qnae
522 453 709 520 coniectura
725 452 860 519 Caecilii
883 454 1080 520 auctoritate
1102 453 1232 520 firmata
1253 457 1380 520 tantum

212 560 299 641 apud
329 557 532 639 insequentis
569 560 688 625 aetatis
725 561 874 624 rhetores
902 558 1017 643 valuit,
1046 566 1083 625 ut
1113 578 1172 642 pro
1201 578 1279 627 vero
1311 578 1382 625 eam

213 664 434 751 acciperem)
490 666 640 731 Secunde
674 671 781 731 eutem
824 664 954 730 somnne
994 683 1066 732 cum
1100 667 1194 731 nobis
1229 664 1382 746 Dionysii

212 791 296 852 quae
320 772 359 836 de
383 770 571 853 Thucydide
596 773 777 852 composuit
806 769 870 836 tria
900 771 1022 853 scripta
1045 779 1177 838 servata
1200 772 1277 854 sint,
1311 771 1382 837 iure

211 878 372 960 miramur,
404 878 491 958 quod
513 894 555 944 ne
577 896 640 943 uno
664 876 792 958 quidem
815 879 887 943 loco
921 876 1104 959 opinionem
1133 878 1224 944 illam
1247 875 1382 943 Caecilii

99 1012 104 1019 ⁴
211 985 511 1051 commemoraverit
527 984 686 1050 facultate
698 1000 796 1064 saepe
808 983 886 1049 deta
900 989 958 1049 aut
965 983 1124 1066 probandi
1135 990 1192 1049 aut
1203 983 1381 1050 refellendi.

210 1095 370 1158 Accurate
392 1092 478 1157 enim
512 1091 666 1157 disseruit
700 1089 741 1156 de
768 1091 950 1156 elocutione
974 1090 1186 1172 Thucydiden
1217 1089 1253 1156 in
1275 1088 1380 1156 libelli

211 1197 251 1263 de
275 1196 416 1280 Thucyd.
451 1215 522 1278 cap.
554 1196 605 1262 24.
640 1201 674 1262 et
703 1197 738 1262 in
772 1195 933 1277 epistulae
966 1196 1009 1262 ed
1032 1199 1221 1263 Ammeeum
1244 1194 1381 1262 alteriue

212 1322 283 1384 cap.
323 1302 356 1368 2:
408 1303 524 1383 quibus
567 1304 647 1368 locis
696 1302 783 1368 inter
828 1319 903 1386 eos,
938 1302 994 1382 qui
1031 1301 1074 1368 ad
1118 1300 1380 1383 compositionem

209 1407 410 1490 Thucydidis
440 1407 564 1489 aliquid
594 1406 783 1490 attulerint,
822 1410 984 1473 neminem
1008 1406 1110 1474 refert
1136 1407 1201 1473 nisi
1223 1405 1380 1490 Gorgiam

208 1515 404 1582 Leontinum
443 1522 477 1580 et
514 1512 581 1584 τοὺς
621 1516 687 1592 cepi
717 1516 822 1575 Πώλου
854 1517 903 1574 καὶ
937 1511 1105 1591 Λικδμτιου.
1157 1516 1271 1594 Neque
1302 1531 1379 1580 vero

209 1622 328 1687 desunt
350 1620 413 1687 loci
434 1620 469 1686 in
492 1621 586 1686 libris
609 1618 831 1704 Dionysianis,
866 1621 984 1700 quibus
1007 1639 1072 1686 una
1095 1639 1165 1687 cum
1189 1619 1378 1703 Thucydide

208 1728 376 1808 Antiphon
398 1725 593 1804 nominetur,
618 1727 675 1792 sed
697 1730 806 1792 tamen
828 1726 887 1809 ite,
922 1733 1080 1806 utquam
1110 1728 1269 1792 rationem
1294 1726 1380 1792 inter

208 1838 379 1921 utrumque
407 1834 596 1913 scriptorem
629 1833 803 1899 statuisset
825 1831 985 1898 Caecilius
1007 1831 1201 1915 Dionysium
1235 1851 1300 1898 non
1322 1851 1378 1897 no·

207 1942 295 2007 visse
318 1939 416 2005 facile
439 1938 648 2024 intellegasi)
693 1942 740 2005 At
767 1958 847 2005 vero
878 1958 942 2005 non
974 1939 1061 2023 fugit
1092 1959 1164 2005 eum
1199 1938 1376 2005 similitudo

206 2045 274 2127 illa,
298 2064 381 2125 quee
405 2050 541 2127 apparet
562 2045 597 2111 in
621 2045 833 2128 Antiphontis
864 2051 897 2112 et
919 2045 1118 2129 Thucydidis
1149 2046 1378 2132 elocutione;4)

207 2152 259 2218 cui
296 2151 508 2233 explicandae
542 2172 614 2218 cum
650 2153 771 2234 optime
807 2151 1012 2219 convenisset
1046 2153 1142 2218 amici
1178 2153 1376 2235 coniectura,

206 2263 294 2325 certe
317 2258 405 2323 nullo
428 2257 523 2322 modo
547 2276 617 2323 eam
641 2258 850 2340 neglexisset
875 2259 904 2322 si
927 2256 1045 2323 fuisset
1067 2262 1154 2323 nota.

313 2365 377 2429 Sed
399 2362 562 2429 mitlamus
586 2363 667 2429 haec
690 2362 841 2445 Dionysii
865 2370 898 2430 et
921 2362 1057 2439 Caecilii
1078 2363 1197 2448 studia,
1229 2383 1313 2444 quae
1336 2364 1377 2431 ad

204 2470 291 2539 vitas
327 2473 490 2535 oratorum
528 2468 710 2551 pertinent:
746 2469 810 2535 iam
845 2469 928 2536 artis
962 2468 1092 2536 criticae
1127 2488 1210 2550 quae
1245 2476 1378 2538 exstant

203 2578 371 2657 utriusque
385 2578 525 2643 rhetoris
540 2581 748 2643 monumenta
764 2575 954 2661 diligentius
969 2582 1218 2658 perscrutemur.
1253 2578 1376 2659 Diony-

204 2681 271 2748 sius
304 2688 413 2747 antem
449 2685 562 2763 quenti
596 2689 701 2750 artem
736 2684 884 2749 criticam
918 2679 1164 2766 aestimaverit,
1200 2702 1240 2749 ex
1273 2682 1377 2766 ipsius

204 2787 314 2855 verbis
342 2788 529 2870 conspicere
559 2787 655 2855 lieet:
688 2791 835 2866 ,διορίσαι
864 2785 931 2859 τούς
957 2810 988 2848 τε
1018 2791 1148 2868 γνησίους
1179 2789 1229 2849 noi
1259 2793 1377 2868 ψευδεῖς

203 2893 303 2976 λόγους
335 2892 450 2957 πάντων
482 2893 575 2975 {iccio
606 2920 636 2977 με
663 2897 806 2956 πλείστοιυ
834 2892 1059 2977 ἀυαμκαιότυρου
1089 2894 1171 2974 οἶμαι
1200 2906 1261 2965 τοῖς
1282 2892 1322 2973 μὴ
1345 2900 1377 2954 ἐκ

203 3000 398 3081 περιζώματος
443 3003 565 3063 ἀσκοῦσι
610 3000 779 3083 ῥητορικδμίί
825 3002 881 3088 (de
924 3002 1000 3070 Diti.
1044 3022 1070 3068 e.
1106 3002 1135 3068 l.
1182 3022 1213 3083 p·
1261 2998 1374 3083 630.);

204 3108 289 3189 quod
313 3126 384 3175 cum
408 3110 556 3192 sentiret,
580 3109 658 3188 quin
681 3128 778 3189 quam
800 3107 1045 3175 accuratissime
1067 3106 1250 3189 inspexerit
1273 3126 1375 3189 opere

205 3232 325 3295 eornm,
361 3206 474 3293 quiin
504 3219 668 3280 oratorum
702 3216 828 3297 scripte
858 3221 935 3280 ante
969 3232 1004 3280 se
1039 3214 1151 3279 critico
1186 3214 1293 3280 studio
1327 3212 1375 3279 in·

311 3372 332 3441 ¹)
351 3374 401 3429 vit.
419 3373 445 3427 X
464 3389 515 3429 err.
534 3391 559 3443 p.
578 3372 630 3429 832
648 3374 679 3428 Ε.
700 3374 832 3440 (Β111ο1111.
851 3374 906 3443 ing.
925 3372 960 3442 1.)
1004 3376 1158 3444 Καικίλιος
1202 3373 1233 3434 δὲ
1271 3378 1301 3434 ἐκ
1337 3382 1378 3451 τῷ

204 3467 270 3545 περὶ
317 3463 407 3525 αὐτοῦ
451 3460 627 3543 συντάγματι
678 3463 856 3524 Θουκυδίδου
906 3472 959 3526 τοῦ
1003 3468 1190 3545 συγγραφέως
1238 3461 1375 3541 μαθητὴν

203 3550 379 3637 (καθηγητὴν
402 3552 470 3608 coni·
490 3549 687 3638 Wyttenbech)
709 3555 895 3632 τεκμαίρεται
924 3557 1066 3634 γεγονέναι
1094 3551 1125 3625 ἐξ
1150 3546 1188 3614 ὧν
1216 3557 1375 3614 ἐπαιτεῖται

203 3645 264 3720 acri
287 3641 364 3719 αὐτῷ
385 3638 562 3719 terniaco.

310 3745 332 3815 Β)
352 3749 481 3815 Ηειοιοις.
500 3769 530 3813 τι,
546 3752 626 3809 ἰδεῶν
641 3751 668 3829 β
686 3748 769 3804 rheti.
796 3765 837 3818 gr.
864 3749 901 3803 11.
925 3764 951 3816 p.
971 3746 1025 3802 414
1043 3748 1151 3817 Speng.;
1170 3748 1299 3818 Tryphon
1320 3748 1373 3813 111,

116 3873 119 3878 .
205 3836 257 3891 am
270 3837 370 3905 ερας.
391 3833 450 3903 (rx,
470 3835 522 3889 vso
534 3837 615 3890 vvan
631 3860 667 3879 =
685 3838 752 3896 vn,
770 3835 828 3902 ευ.)
842 3836 917 3893 suu.
931 3853 952 3890 1.
965 3853 992 3892 v.
1012 3826 1205 3915 convolave-
1222 3836 1372 3893 uueemn.

204 3925 255 3981 vit.
274 3925 359 3981 Thnc.
379 3922 396 3994 ἕ
414 3922 458 3981 22.
478 3926 512 3981 cf.
530 3924 723 3983 Wilamovvitu.
741 3927 835 3983 Herm.
854 3925 918 3980 XII.
937 3941 963 3993 p.
983 3922 1045 3980 335.

311 4011 336 4080 ³)
355 4014 388 4069 de
407 4014 528 4082 Thucyd.
547 4030 569 4068 c.
588 4012 622 4065 51
641 4030 666 4082 p.
685 4011 751 4083 9413
771 4030 793 4068 o.
811 4014 847 4068 53
864 4031 891 4083 p.
910 4013 971 4065 944.

311 4101 333 4170 ⁴)
352 4105 386 4158 de
405 4119 490 4172 comp.
509 4103 582 4159 verb.
602 4119 624 4158 c.
644 4101 686 4157 10.
705 4120 731 4172 p.
750 4103 794 4160 52.
826 4104 844 4179 ἡ
884 4103 915 4164 δὲ
952 4103 1127 4166 Θουκυδίδου
1160 4101 1235 4174 λέξις
1273 4102 1322 4162 καλ
1357 4102 1373 4177 ἡ

196 4192 387 4269 Ἀυτιφῶυτος
409 4201 463 4253 τοῦ
483 4191 671 4269 Ῥαμυουσίου
693 4194 787 4262 καλῶς
800 4193 852 4270 μὲι
868 4188 1022 4273 σύγκειται,
1045 4189 1079 4269 τὴ
1100 4194 1169 4262 Δία,
1194 4189 1276 4267 εἴπερ
1295 4190 1370 4259 τινὲς

204 4284 253 4341 καὶ
276 4275 370 4353 ἄλλαι,
394 4280 429 4341 οὗ
450 4277 505 4359 μὴυ
528 4281 617 4359 ἡδίους
638 4305 669 4362 γε
691 4278 777 4342 ποίου.
801 4281 836 4336 ci.
856 4281 889 4338 de
907 4299 993 4352 comp.
1011 4279 1084 4336 verb.
1104 4294 1127 4332 o.
1145 4278 1189 4333 22.
1207 4296 1235 4347 p.
1255 4277 1310 4332 160
1326 4295 1367 4348 sq.

1158 4384 1192 4438 3*
