3092 4692
780 304 821 367 47

213 506 303 570 ultra
326 499 444 568 modici
466 499 578 566 iudicii
593 499 675 566 fines
691 505 879 583 provectum
903 518 975 566 esse
992 501 1199 566 statuendum
1215 499 1288 583 erit,
1312 519 1385 566 cum

214 614 285 676 arte
308 606 525 688 eloquentiam
549 605 722 690 genuinam
748 607 812 672 coli
836 611 933 685 atque
949 608 1062 688 angeri
1084 624 1219 688 prorsus
1238 613 1385 690 negaret.

215 713 394 796 Dionysius
424 717 532 779 autem
562 713 650 778 iusta
683 717 717 778 et
751 711 922 777 moderata
956 711 1123 779 iudicandi
1143 709 1277 797 fratione
1307 731 1386 779 usus

214 839 328 887 sanam
363 818 445 885 artis
480 817 746 886 exercitationem
770 819 1021 900 haudquaquam
1044 820 1208 899 sprevisse
1242 817 1383 897 videtur,

216 947 290 993 cum
312 928 564 992 Demosthenem
587 926 749 1005 laudaret,
782 925 873 991 cuius
896 924 931 989 in
962 924 1163 991 orationibus
1187 925 1284 991 simul
1309 944 1386 991 con·

214 1033 393 1116 spiceretllr
420 1030 437 1110 ἡ
461 1029 545 1110 φύσιν
580 1028 748 1111 δημιουργὸς
779 1033 828 1091 καὶ
858 1036 891 1091 αἱ
912 1028 1009 1111 τέχναι
1038 1027 1158 1109 μητέρες
1198 1029 1254 1116 (de
1288 1031 1383 1096 Dein.

216 1159 245 1205 c.
270 1140 321 1204 47.
343 1159 374 1221 p.
400 1137 509 1222 1100).
556 1136 649 1220 Quod
679 1136 708 1201 si
736 1135 976 1205 meminerimus
1016 1137 1152 1203 eundem
1184 1137 1386 1221 scriptorem,

215 1265 312 1326 quem
335 1247 369 1310 in
392 1243 504 1310 libello
527 1265 557 1303 π.
581 1239 674 1322 ὕψουν
695 1242 844 1309 uidemus
867 1241 949 1308 artis
972 1249 1148 1323 praecepta
1184 1242 1305 1308 acriter
1327 1245 1386 1309 im·

216 1355 425 1435 pugnantem,
461 1350 692 1430 conscripsisse
714 1348 826 1431 libros,
863 1348 979 1429 quibus
1013 1355 1189 1431 praecepta
1222 1350 1304 1414 artis
1334 1349 1387 1415 vel

215 1456 430 1524 subtilissima
465 1455 642 1538 diligenter
683 1460 844 1520 tractaret
877 1462 911 1521 et
951 1455 1126 1538 excoleret,
1166 1454 1229 1520 iam
1267 1456 1388 1521 illustri

214 1563 363 1644 exemplo
386 1564 480 1628 nobis
503 1561 652 1628 videmur
675 1561 916 1628 demonstrasse
939 1559 1073 1627 Caecilii
1102 1560 1191 1627 vitae
1222 1562 1284 1626 dno
1308 1567 1388 1627 tem·

216 1672 305 1752 poris
328 1669 437 1750 spatia
461 1666 659 1734 dimetienda
682 1686 753 1733 esse
785 1667 967 1733 studiorum
991 1686 1124 1748 prorsus
1153 1667 1387 1734 contrariorum

216 1777 364 1843 terminis
387 1773 508 1840 acriter
529 1775 616 1839 inter
646 1793 681 1839 se
705 1772 857 1840 discreta.
903 1776 1017 1854 Neque
1051 1772 1136 1839 euim
1168 1774 1267 1840 medii
1298 1775 1389 1855 qnid·

215 1902 312 1964 quam
343 1887 491 1964 apparet,
527 1880 613 1962 quod
643 1886 800 1960 tanquam
828 1881 989 1947 vinculum
1012 1880 1180 1961 utriusque
1219 1880 1390 1946 doctrinae

216 1986 411 2055 discrimina
442 1992 593 2053 conectat
626 1990 660 2053 et
693 1986 885 2071 patefaciat,
921 2005 987 2067 qua
1009 1985 1138 2053 ratione
1172 1988 1292 2053 sensim
1315 2006 1389 2069 pro-

216 2113 350 2178 gressus
373 2113 414 2159 ex
448 2094 552 2160 altera
574 2094 616 2159 ad
647 2093 785 2160 alteram
820 2093 1026 2175 disciplinam
1061 2093 1262 2175 pervenerit:
1293 2095 1390 2160 immo

215 2201 426 2283 cognoscitur
442 2198 546 2264 altera
570 2218 610 2264 ex
625 2203 722 2280 parte
737 2200 827 2263 nulla
842 2199 1092 2280 pulchritudinis
1117 2199 1247 2265 dicendi
1263 2202 1392 2266 ratione

217 2306 333 2372 habita
354 2322 462 2370 rerum
489 2305 709 2369 technicarum
726 2304 870 2369 studium
885 2302 1102 2371 aridissimum
1126 2311 1160 2372 et
1175 2304 1217 2370 ad
1240 2325 1392 2393 unguem,

216 2418 254 2476 ut
265 2413 314 2477 ita
330 2410 445 2493 dicam,
462 2409 646 2491 exprimens
657 2409 904 2491 Apollodoream
916 2409 1147 2494 subtilitatem
1163 2411 1268 2477 altera
1283 2410 1393 2479 autem

217 2537 261 2584 ex
283 2523 377 2599 parte
400 2521 574 2583 occurrunt
589 2515 698 2582 studia
721 2517 903 2583 aestlretica
934 2523 968 2583 et
990 2519 1063 2598 ipsa
1085 2517 1120 2582 in
1150 2516 1390 2586 affectationem

216 2624 288 2689 fere
324 2625 462 2706 exculta,
498 2625 538 2688 ab
567 2620 651 2688 artis
682 2622 867 2705 praeceptis
889 2624 986 2705 plane
1009 2642 1133 2689 aversa.
1180 2623 1291 2707 Quare
1313 2624 1392 2691 milri

217 2728 349 2809 quidem
369 2746 435 2793 non
451 2728 583 2794 dubium
606 2746 679 2794 esse
694 2727 835 2811 videtur,
852 2729 929 2808 quin
945 2746 1063 2810 magno
1080 2730 1218 2810 quodam
1230 2736 1263 2796 et
1285 2732 1392 2797 alieno

217 2835 360 2916 impulsu
394 2854 434 2900 ex
468 2834 575 2900 altera
598 2833 772 2914 disciplina
805 2835 847 2899 ad
881 2834 1018 2900 alteram
1042 2836 1201 2903 Caecilius
1233 2837 1393 2918 abreptus

217 2940 280 3007 sit:
326 2940 415 3007 cuius
453 2940 593 3023 impetus
637 2945 803 3007 auctorem
845 2959 917 3007 cum
952 2940 1040 3008 inter
1070 2941 1205 3008 Caecilii
1239 2945 1393 3023 aequales

217 3065 420 3130 quaererem,
445 3048 605 3113 neminem
622 3048 735 3113 inveni
758 3045 823 3113 nisi
838 3047 1033 3130 Dionysium
1050 3046 1389 3116 Halicarnassensem.

307 3155 437 3237 Restat,
454 3158 490 3220 ut
504 3155 618 3237 paucis
633 3154 743 3222 verbis
755 3153 913 3220 disseram
930 3154 970 3219 de
983 3152 1115 3219 Caecilii
1131 3153 1263 3235 scriptis
1273 3157 1393 3223 lexico·

218 3259 363 3342 graphis.
410 3260 519 3339 Atque
549 3261 611 3326 duo
635 3259 764 3341 quidem
791 3259 877 3341 apud
902 3259 1033 3326 Suidam
1058 3259 1267 3327 nominantur
1289 3263 1393 3329 tituli:

218 3362 320 3446 ἐκλογὴ
354 3364 457 3438 λέξεως
490 3364 566 3427 κατὰ
596 3377 736 3447 στοιχεῖον
767 3371 800 3432 et
830 3369 896 3444 περὶ
926 3377 982 3428 τῶν
1012 3366 1084 3427 καθ’
1116 3370 1247 3446 ἱστορίαν
1281 3366 1297 3446 ἢ
1331 3373 1394 3448 παρ’

219 3475 352 3551 ἱστορίαν
375 3476 527 3552 εἰρημένων
548 3484 609 3542 τοῖς
631 3469 769 3551 ῥὴνορσις
800 3490 880 3552 quos
903 3471 1003 3538 libros
1027 3492 1090 3553 qua
1120 3474 1246 3539 ratione
1278 3474 1394 3542 ductus

218 3577 383 3644 Caecilius
414 3579 584 3659 scripserit
618 3589 652 3645 et
684 3597 747 3660 quo
780 3577 875 3644 modo
918 3577 1123 3662 instruxerit,
1158 3598 1224 3645 non
1254 3586 1321 3647 tam
1353 3600 1395 3647 ex

219 3687 376 3764 quattuor
397 3681 463 3748 illis
486 3682 681 3769 fragmentis
697 3683 878 3766 perspicias
894 3682 1028 3751 Caecilii
1043 3683 1164 3751 nomini
1187 3686 1362 3768 adscriptis
1370 3687 1394 3773 ¹)

218 3807 318 3871 quam
334 3809 374 3856 ex
390 3790 541 3872 vestigiis
556 3810 676 3873 eorum,
701 3793 834 3872 quaein
850 3790 926 3857 aliis
941 3789 1054 3857 lexicis
1071 3797 1230 3873 apparent
1249 3792 1396 3875 dispersa

219 3898 366 3962 auctoris
398 3896 526 3963 nomine
549 3917 613 3963 non
637 3897 798 3981 apposito.
844 3898 926 3963 Nam
949 3916 1014 3963 non
1037 3900 1130 3964 modo
1153 3899 1395 3981 Harpocration

221 4002 359 4069 Caecilii
381 4004 511 4086 glossas
534 4004 719 4087 respexisse
735 4005 873 4089 videtur,
898 4004 957 4069 sed
979 4003 1079 4071 etiam
1095 4005 1216 4071 Suidas
1239 4010 1273 4069 et
1288 4003 1398 4084 quarti

220 4107 391 4190 quintique
413 4109 509 4177 lexici
533 4110 725 4194 Segueriaui
756 4118 908 4178 auctores
931 4111 1052 4177 multas
1080 4112 1207 4194 glossas
1231 4129 1271 4176 ex
1301 4111 1397 4177 libris

220 4213 419 4282 Caecilianis
443 4218 702 4301 desumpserunt.

313 4356 334 4426 ¹)
352 4359 473 4415 Burclth.
491 4360 565 4430 frgg.
585 4359 700 4414 25-28.
