3092 4692
189 421 330 490 Caecilio
353 422 543 506 tribuemus,
567 440 630 503 qua
645 423 874 490 Demosthenis
890 440 995 489 annus
1018 422 1139 488 natalis
1155 423 1363 488 constituitur

188 527 238 596 Ol.
270 529 322 611 98,
353 528 388 613 4,
421 529 578 594 archonte
608 528 767 596 Dexitheo
796 528 963 615 (385l4).¹)
1021 531 1117 595 Hanc
1147 533 1255 595 autem
1286 530 1364 595 anni

188 635 460 718 computationem
492 634 624 717 dignam
655 654 735 718 esse,
768 637 820 701 cui
843 635 938 701 fidem
962 636 1154 717 habeamus,
1188 636 1361 701 multorum

187 741 319 809 iudiciis
335 749 467 808 nostrae
483 743 603 808 aetatis
626 740 769 808 virorum
791 742 969 823 doctorum,
995 741 1047 823 qui
1073 742 1113 808 de
1130 742 1362 808 Demosthenis

186 849 293 915 natali
334 868 417 914 anno
453 848 672 929 quaestionem
696 853 969 933 retractaverunt,
1005 847 1086 914 satis
1122 849 1361 931 comprobatur,

188 975 261 1021 cum
284 954 342 1021 alii
364 974 483 1020 annum
508 973 528 1019 a
552 953 695 1021 Caecilio
727 954 941 1021 constitutum
969 961 1112 1037 servent,
1136 953 1193 1019 alii
1216 952 1362 1035 proxime

191 1063 233 1128 ad
257 1081 329 1128 eum
360 1060 559 1145 accedant23)
590 1067 625 1128 at
654 1059 808 1142 perpauci
839 1061 1048 1145 exstiterunt,
1073 1061 1129 1141 qui
1152 1059 1364 1128 defenderent

189 1167 341 1251 Dionysii
375 1168 580 1234 sententiam.
634 1168 668 1233 Is
707 1167 791 1234 enim
829 1169 863 1233 in
902 1166 1062 1250 epistulae
1099 1166 1143 1232 ad
1174 1168 1363 1234 Annaeum
1421 1172 1426 1180 “

193 1276 318 1357 primae
350 1294 419 1357 cap.
449 1273 478 1339 4.
502 1274 753 1340 Demosthenem
776 1274 826 1343 Ol.
851 1273 903 1355 99,
928 1272 949 1338 4
972 1271 1123 1359 (381180)
1154 1277 1266 1339 natum
1289 1291 1363 1339 esse

190 1382 278 1465 dicit,
310 1401 402 1463 quem
426 1400 545 1448 annum
577 1401 641 1447 non
666 1386 733 1447 tam
764 1382 872 1463 ipsum
895 1382 1089 1465 Dionysium
1121 1399 1161 1446 ex
1183 1381 1266 1462 ipsis
1289 1398 1361 1445 ora·

189 1487 331 1554 tionibus
353 1488 616 1555 Demosthenicis
648 1494 854 1569 computasse
882 1490 988 1568 quam
1011 1486 1053 1552 ab
1077 1488 1267 1554 auctoribus
1295 1485 1362 1552 suis

188 1599 355 1676 receptum
378 1596 413 1660 in
447 1594 620 1675 epistulam
650 1594 860 1660 transtulisse
883 1593 1048 1681 coniceres
1080 1611 1121 1658 ex
1153 1593 1296 1659 eiusdem
1320 1591 1363 1657 ad

191 1700 381 1766 Ammaeum
424 1700 584 1782 epistulae
622 1700 733 1766 verbis
771 1699 867 1781 paulo
907 1718 1008 1781 snpra
1050 1697 1180 1781 scriptis
1219 1718 1289 1781 cap.
1324 1698 1362 1763 3:

187 1802 316 1892 ’,ἀνάγκη
338 1806 364 1867 δ’
366 1806 436 1877 ἴσως
468 1816 582 1887 πρῶτον
605 1802 662 1867 ὅσα
692 1807 860 1887 παρέλαβον
889 1811 920 1867 ἐκ
950 1815 1005 1867 τῶν
1035 1814 1134 1867 κοινῶν
1156 1810 1295 1886 ἱστοριῶν,
1327 1802 1363 1875 ἃς

186 1915 338 1976 κατέλιπον
361 1914 426 1993 ἡμῖν
449 1919 478 1974 οἱ
498 1911 565 1984 τοὺς
586 1916 665 1994 βίους
687 1924 742 1975 τῶν
765 1913 876 2001 ἀνδρῶν
898 1911 956 1998 (sc.
972 1914 1179 1991 Λημοσθένους
1201 1914 1251 1971 καὶ
1267 1910 1361 1990 Ἀρισ-

185 2019 328 2104 τοτέλους)
345 2016 559 2097 συνταξάμενοι,
583 2031 759 2099 προειπεῖν.“
805 2018 852 2084 Ab
875 2020 1006 2100 quinam
1029 2018 1161 2084 filerunt
1185 2016 1361 2100 biographi

185 2125 244 2208 illi,
270 2144 404 2206 quorum
427 2126 470 2192 ad
494 2145 592 2208 opera
607 2125 674 2192 illis
697 2124 899 2207 temporibus
913 2126 1049 2208 patebat
1071 2125 1219 2191 omnibus
1243 2123 1358 2190 facilli·

189 2250 261 2297 mus
291 2232 425 2309 aditus?
470 2232 686 2299 Nominantur
717 2231 918 2314 aDionysio
947 2234 1081 2312 praeter
1103 2218 1258 2311 optimam
1281 2249 1362 2297 sane

188 2337 358 2403 Atthidem
394 2337 582 2403 Philochori
617 2344 650 2405 et
684 2336 845 2403 Demetrii
880 2335 1032 2403 Phalerei
1066 2337 1189 2418 scripta
1223 2337 1264 2402 de
1297 2337 1361 2403 De

187 2445 354 2509 mosthene
370 2443 542 2527 Hermippi
557 2423 766 2511 Callimachei
781 2442 858 2510 libri
873 2446 939 2524 περὶ
955 2453 1010 2505 τῶν
1022 2440 1209 2523 Ἰσοκράτους
1222 2450 1363 2521 μαθητῶν
1474 2436 1477 2443 ’

187 2555 221 2615 ε1
259 2550 417 2616 Demetrii
448 2552 613 2633 Magnetis
648 2569 728 2634 opus
767 2553 834 2631 περὶ
872 2546 1071 2633 ὁμωνύμοιν)
1107 2567 1213 2629 neque
1252 2553 1361 2614 tamen

191 2658 220 2722 ei
260 2656 423 2737 placuisse
460 2677 564 2738 neque
602 2655 772 2725 suffecisse
811 2657 986 2738 scriptores
1024 2654 1099 2721 illos
1140 2654 1174 2720 in
1212 2656 1361 2722 omnibus

188 2764 287 2827 rebus
305 2760 512 2829 manifestum
534 2763 622 2847 σεῖε)
668 2765 715 2828 Α1
737 2761 885 2843 profecto
909 2762 938 2828 si
955 2759 1087 2828 Caecilii
1109 2761 1178 2828 ulla
1203 2779 1361 2828 commen-

294 2976 317 3043 l)
342 2978 449 3045 Psplut-
469 2978 502 3031 de
520 2976 571 3032 vit.
599 2994 618 3031 x
634 2992 685 3032 οη.
709 2993 735 3046 p.
761 2975 816 3030 845
834 2978 867 3030 D.
895 2971 969 3037 ἑπτὰ
992 2976 1023 3036 δὲ
1046 2977 1096 3035 καὶ
1126 2971 1281 3053 τριάκοντα
1313 2971 1362 3050 ἔτη

186 3062 303 3146 γεγονὼς
343 3062 521 3146 λογιζόμενος
555 3062 614 3125 ἀπὸ
647 3064 791 3138 Δεξιθέου
833 3068 874 3135 εἰς
907 3066 1104 3144 Καλλίμαχον,
1147 3061 1192 3142 ἐφ’
1228 3056 1261 3123 οὗ
1299 3065 1361 3141 παρ’

184 3169 349 3232 Ὀλυνθίων
372 3167 422 3250 ἧκε
444 3173 585 3251 πρεσβεία
613 3217 620 3230 .
648 3217 655 3231 .
680 3217 686 3230 .
715 3168 829 3231 ἔπεισεν
851 3175 1001 3248 ἐκπέμψαι
1023 3165 1074 3248 τὴν
1095 3165 1246 3250 βοήθειαν.

293 3273 315 3345 ²)
334 3279 369 3332 cf.
396 3277 519 3341 Schtier,
539 3278 609 3332 Dem.
628 3294 653 3329 u.
671 3293 692 3330 s.
712 3278 767 3327 Zeit
790 3278 878 3333 IIIB
902 3293 928 3345 p.
952 3275 988 3329 38
1013 3293 1069 3345 sq.;
1095 3276 1184 3331 Bless.
1210 3277 1271 3330 Arc.
1296 3276 1359 3331 Ber.

185 3366 240 3432 ΙΙΙ,
261 3365 276 3417 l
295 3383 321 3434 p.
341 3364 358 3419 7
376 3382 416 3434 sq.

291 3452 316 3521 ⁸)
336 3455 394 3522 Quo
413 3471 447 3510 ex
465 3454 535 3511 libro
557 3476 587 3515 π.
612 3452 768 3533 ὁμωνύμων
786 3455 919 3510 Demetrii
940 3454 1085 3524 sumpsisse
1110 3451 1271 3523 Dionysium
1299 3452 1360 3519 illa,

186 3544 306 3610 quaeda
325 3543 485 3599 Aristotelis
510 3549 539 3599 et
557 3544 746 3600 Demosthenis
765 3543 834 3600 vitis
851 3542 1006 3608 tradiderit,
1032 3541 1181 3599 vefidmile
1199 3557 1257 3598 esse
1276 3547 1358 3611 putat

185 3632 304 3688 Dielsins
322 3633 355 3687 N.
374 3633 426 3687 Rh.
445 3634 514 3688 llus.
540 3632 584 3688 41.
612 3650 638 3702 p.
666 3632 709 3687 43.
729 3633 864 3701 Tempora
881 3638 973 3688 autern
997 3631 1058 3700 ipsa
1082 3631 1224 3687 referenda
1245 3645 1304 3686 esse
1322 3630 1357 3684 ad

187 3720 347 3788 Apollodori
366 3720 499 3775 Chronica
516 3722 588 3777 idem
606 3723 700 3777 eodem
717 3721 778 3776 loco
797 3721 891 3777 evicit

293 3805 315 3874 ⁴)
335 3809 565 3865 Commemoratur
590 3809 748 3865 Philochori
765 3808 881 3865 historia
901 3807 997 3863 Attica
1020 3808 1054 3863 de
1071 3807 1134 3863 Din.
1158 3823 1180 3862 c.
1199 3807 1225 3859 4.
1245 3823 1271 3875 p.
1290 3805 1356 3872 6353

186 3895 223 3950 ib.
243 3912 265 3950 c.
285 3892 327 3951 13.
346 3913 372 3965 p.
392 3896 458 3966 6663
485 3899 528 3953 ad.
547 3899 635 3952 dmm.
654 3898 677 3952 I.
703 3914 725 3952 c.
750 3898 776 3952 9.
800 3914 825 3966 p.
845 3896 911 3964 7343
940 3912 962 3950 α
981 3895 1023 3950 11.
1042 3912 1068 3964 p.
1088 3895 1150 3951 741.
1189 3894 1357 3950 Demetrium

186 3983 348 4041 Phalereum
371 3986 460 4041 vitam
478 3985 669 4042 Demosthenis
691 3985 833 4054 scripsisse
857 3986 948 4040 elucet
965 4001 980 4040 e
999 4000 1092 4040 comm.
1115 3984 1149 4038 de
1169 3983 1245 4038 Dem.
1270 3997 1292 4035 c.
1310 3979 1354 4032 53.

186 4089 211 4140 p.
233 4071 311 4125 1118.
347 4074 388 4128 De
405 4074 553 4143 Hermippo
572 4076 607 4130 cf.
627 4075 660 4129 de
679 4075 757 4129 Isaeo
777 4089 799 4128 o.
818 4074 834 4127 1
854 4090 882 4142 p.
901 4071 969 4129 588:
987 4070 1125 4154 γενέσεως
1146 4071 1245 4132 δὲκαὶ
1266 4069 1357 4129 τελευ

188 4170 239 4239 τῆς
260 4170 312 4221 τοῦ
341 4158 463 4241 ῥήτορος
494 4162 598 4244 ἀκριβῆ
626 4159 727 4244 χρόνον
753 4166 843 4222 εἰπεῖν
866 4160 917 4222 οὐκ
948 4158 1003 4242 ἔχω
1032 4161 1098 4223 οὐδὲ
1127 4159 1194 4236 περὶ
1221 4167 1272 4217 τοῦ
1293 4158 1357 4236 βίου

184 4258 236 4310 τοῦ
258 4246 363 4329 ἀνδρὸς
385 4248 445 4318 οἶός
459 4273 503 4321 τις
518 4247 559 4330 ἦν.
581 4250 647 4313 οὐδὲ
668 4252 735 4331 περὶ
768 4260 819 4329 τῆς
845 4249 1047 4331 προαιρέσεως
1067 4258 1122 4310 τῶν
1141 4240 1357 4323 πολιτευμάτων
