3092 4692
708 196 756 266 ao

145 395 329 465 intralibus
361 395 461 479 locis,
496 395 611 478 quibus
647 397 687 462 de
719 397 900 463 Atticorum
929 398 1117 478 eloquentia
1149 394 1314 480 disseruit,

145 505 288 584 Isaeum,
332 504 578 587 Demosthenis,
630 510 666 569 ut
704 501 888 586 ferebatur,
931 501 1125 584 magistrum
1168 504 1315 568 consulto

145 608 406 691 praetermisisse
434 610 637 693 putabimus,
661 608 690 675 si
713 607 880 674 novisset?
926 609 971 672 At
993 627 1057 673 non
1081 609 1173 673 novit
1203 607 1316 674 Gioero

146 719 294 780 oratores
310 714 401 779 illos:
430 713 464 779 id
489 714 574 796 qnod
598 714 631 780 in
654 717 750 780 Isaeo
775 734 855 780 sane
871 716 1045 795 permirum
1069 733 1141 779 esse
1156 715 1315 798 videatur,

145 821 252 887 minus
276 818 463 886 offensionis
487 822 609 886 habeat
631 823 664 887 in
691 820 876 903 Andocide,
911 822 1029 902 quippe
1061 839 1156 903 quem
1187 819 1317 886 silentio

147 926 411 1010 praetermissum
428 929 470 993 ab
487 927 666 993 Aristotele
683 936 716 992 et
733 928 957 1008 Theophrasto
978 927 1064 1008 apud
1080 925 1317 1009 insequentium

146 1040 325 1114 temporum
349 1035 496 1098 rhetores
521 1032 591 1098 fere
608 1035 736 1099 omnino
767 1035 973 1098 obscuratum
999 1052 1072 1098 esse
1096 1042 1130 1098 et
1145 1033 1317 1099 evanuisse

148 1142 284 1206 constet.
347 1141 395 1204 Ne
431 1140 666 1220 Antiphontem
706 1141 834 1222 quidem
870 1140 984 1205 Cicero
1019 1138 1142 1222 legisse
1176 1139 1316 1219 videtur,

147 1263 218 1310 oum
241 1264 278 1311 eo
301 1247 382 1328 loco,
408 1263 470 1327 quo
487 1243 639 1310 iudicium
660 1244 781 1309 afferat
804 1247 844 1310 de
864 1247 1002 1327 rhetore,
1028 1244 1227 1326 Aristotelis
1252 1262 1317 1309 non

148 1371 207 1417 sna
229 1352 332 1418 verba
356 1349 592 1434 expresserit.¹)
639 1353 689 1416 Ac
712 1353 807 1432 plura
830 1368 994 1432 apponere
1018 1369 1167 1433 possum,
1200 1352 1317 1432 quibus

147 1457 325 1524 verisimile
349 1476 420 1523 esse
444 1463 600 1539 appareat
617 1457 804 1522 Ciceronem
829 1462 949 1522 certum
974 1464 1139 1523 oratorum
1164 1476 1318 1522 canonem

148 1583 212 1629 non
235 1564 432 1645 respexisse:
457 1563 561 1630 nerito
586 1570 693 1629 autem
717 1563 805 1646 mihi,
831 1583 871 1628 ue
900 1562 1028 1645 longius
1052 1583 1072 1628 a
1094 1582 1130 1628 rc
1153 1562 1320 1644 proposita

88 1734 92 1740 .
149 1672 310 1751 aberrem,
347 1671 427 1737 satis
462 1676 533 1735 esto
568 1671 810 1736 demonstrasse
845 1670 998 1736 decadem
1034 1674 1121 1735 certe
1152 1688 1224 1735 eum
1257 1688 1321 1734 non

148 1775 292 1859 novisse,
325 1795 395 1842 cum
427 1778 505 1844 duos
537 1786 683 1844 oratores
718 1797 852 1860 prorsus
887 1777 1064 1861 ignoraret,
1100 1777 1233 1843 tertium
1256 1796 1320 1842 non

149 1904 241 1950 suurn
269 1884 328 1949 sed
351 1885 539 1950 Aristotelis
569 1884 722 1951 iudicium
754 1892 885 1950 secutus
907 1886 1055 1950 breviter
1078 1883 1264 1973 attingeret.

255 2010 368 2090 Neque
380 2009 523 2091 Gorgias
536 2008 699 2076 Ciceronis
716 2011 861 2100 aequalis
876 2010 1033 2075 rationem
1051 2010 1181 2075 decadis
1193 2005 1320 2090 habuit,

150 2133 221 2180 cum
235 2115 383 2196 exempla
393 2116 570 2199 figurarum
582 2117 684 2182 multa
696 2116 902 2196 conquireret
914 2136 954 2182 ex
966 2115 1077 2202 Lysia,
1091 2116 1320 2194 Demosthene,

150 2221 326 2304 Hyperide,
341 2222 500 2306 Lycurgo,
514 2225 690 2308 Dinarcho,
705 2223 822 2290 deinde
833 2223 935 2289 multa
948 2242 989 2288 ex
1000 2224 1138 2306 Pythea,
1148 2222 1321 2303 Stratocle,

153 2327 315 2411 Charisia,
350 2329 511 2412 Hegesia,
547 2330 635 2413 aliis,
677 2349 811 2412 prorsus
846 2330 1036 2413 neglegeret
1074 2328 1322 2410 Antiphontem,

74 2512 76 2516 μ
152 2434 359 2517 Andocidem,
375 2436 514 2506 Isaeum.
531 2437 720 2518 Isocratem,
736 2436 947 2502 Aeschinem:
973 2454 1036 2516 qua
1059 2455 1094 2500 re
1118 2435 1235 2500 ductus
1252 2452 1322 2499 cum

151 2538 294 2605 Meierus
325 2540 446 2625 (opusc.
475 2543 499 2606 Ι.
532 2561 608 2624 pag.
642 2540 719 2627 133)
750 2546 818 2606 trrm
850 2540 1010 2607 Steffenus
1042 2544 1073 2626 (l.
1106 2543 1127 2606 l.
1159 2560 1232 2625 pag.
1267 2538 1322 2624 49)

150 2663 216 2709 non
247 2644 349 2711 fuisse
380 2667 535 2715 canonem
560 2648 704 2731 Gorgiae
735 2647 937 2729 temporibus
973 2649 1121 2714 coniecit.
1180 2645 1323 2729 Quorum

151 2751 330 2818 sententias
354 2752 548 2836 impugnans
572 2758 721 2822 Brzoska
745 2775 829 2838 „non
860 2757 1005 2837 potuisse
1036 2753 1130 2838 dicit,
1155 2751 1322 2835 Gorgiam,

151 2866 187 2921 ut
209 2859 377 2942 voluisset,
403 2879 443 2926 ex
467 2863 575 2927 decem
599 2863 747 2928 omnibus
779 2863 963 2929 oratoribus
995 2863 1143 2941 exempla
1165 2878 1323 2943 promere,

151 2985 222 3031 cum
252 2966 310 3032 alii
340 2967 425 3034 alias
455 2968 578 3049 figuras
610 2968 850 3050 adhibuissent,
891 2970 1017 3034 demum
1047 2967 1125 3032 inde
1156 2968 1197 3035 ab
1229 2967 1323 3030 Isaeo

151 3083 296 3140 oratores
332 3077 565 3142 sententiarum
595 3075 708 3158 liguris
740 3075 948 3140 manifestam
980 3073 1149 3139 dedissent
1179 3092 1323 3154 operam,

153 3197 225 3245 cum
249 3181 372 3262 priores
390 3180 598 3263 ἀσχημάτιστοι
618 3182 822 3249 dicerentur“
849 3185 883 3268 (l.
907 3185 926 3248 l.
943 3201 1018 3265 pag.
1045 3179 1110 3267 18).
1135 3179 1226 3246 Satis
1249 3198 1324 3244 acu·

152 3292 219 3350 tum
244 3290 485 3369 argumentum!
509 3297 542 3355 et
567 3293 652 3370 quod
675 3293 805 3373 optime,
830 3290 859 3357 si
882 3291 922 3356 dc
950 3291 1187 3356 sententiarum
1209 3285 1324 3369 liguris

153 3401 308 3471 ageretur
329 3394 363 3460 in
388 3394 445 3479 eis,
471 3394 524 3475 qui
547 3402 734 3482 supersunt,
759 3397 852 3463 libris
877 3395 1068 3478 Gorgianis,
1094 3394 1268 3475 quadraret
1290 3390 1324 3456 in

154 3494 396 3584 Antiphontem,
413 3499 622 3583 Andocidem,
644 3502 721 3581 quin
744 3501 962 3585 Isocratem,2)
987 3501 1073 3566 nullo
1097 3507 1204 3565 tamen
1229 3496 1325 3563 modo

153 3603 332 3684 pertineret
354 3607 396 3671 ad
411 3606 573 3694 Isaeumi')
597 3613 631 3674 et
647 3608 841 3673 Aeschinem
850 3608 885 3693 ᾖ)
909 3616 944 3675 at
966 3609 1001 3672 in
1018 3608 1188 3674 uerborum
1211 3603 1325 3686 figuris

156 3709 345 3791 colligendis
380 3732 443 3793 quo
477 3715 547 3781 inre
581 3713 749 3797 negligere
784 3717 890 3796 potuit
919 3713 1060 3797 Gorgias
1090 3713 1324 3794 Antiphontem

263 3886 287 3956 ¹)
304 3890 432 3945 Dubitari
455 3897 546 3958 potest
571 3895 669 3958 ctiam,
698 3910 762 3948 uum
781 3894 938 3962 Lycurgum
966 3893 1062 3948 Cicero
1087 3892 1145 3959 ipse
1169 3889 1271 3958 legerit
1290 3889 1324 3944 cf.

155 3980 242 4034 Blass.
280 3980 339 4034 Att.
359 3978 469 4032 Bereds.
488 3980 539 4043 Ill,
559 3982 576 4034 2
594 3999 619 4049 p.
639 3981 682 4032 92.
701 3999 727 4036 n.
747 3982 772 4037 9.

262 4066 284 4137 ²)
303 4069 391 4125 Blass.
411 4065 472 4118 Am.
491 4064 551 4117 Ber.
572 4069 608 4122 II.
628 4086 653 4137 p.
674 4069 733 4123 167.

262 4157 288 4226 ⁸)
307 4152 451 4222 Pseudopl.
469 4148 530 4204 vita
548 4167 566 4205 x
584 4162 665 4209 oratt.
684 4156 736 4210 839
755 4160 787 4212 F.

263 4247 288 4309 4)
307 4249 395 4303 Blass.
414 4243 474 4298 Art.
493 4239 554 4290 Ber.
575 4238 627 4303 111,
646 4244 662 4294 2
681 4261 706 4310 p.
726 4245 778 4296 207
798 4263 836 4313 sq.
856 4262 881 4314 p.
901 4244 953 4298 212
972 4262 1011 4314 sq.
