3092 4692
716 248 760 316 10

629 342 844 351 *—

148 440 368 528 Quintilianus
385 463 457 511 cum
478 444 573 510 initio
596 442 825 531 capitis10.,¹)
848 450 916 511 tum
939 447 1122 512 accuratius
1145 449 1183 514 V.
1208 447 1260 533 14,
1278 449 1321 513 24

148 553 284 633 exponit
304 552 368 617 ita:
407 551 632 634 „enthymema
667 552 708 617 ab
740 551 814 617 aliis
848 553 1011 617 oratorius
1035 551 1253 633 syllogismus,
1278 557 1321 621 ab

149 656 223 722 aliis
248 675 325 738 pars
349 656 468 722 dieitur
491 657 681 740 syllogismi,
706 662 860 739 proptera
876 656 961 738 quod
985 657 1193 740 syllogismus
1208 661 1322 742 utique

148 762 385 831 conclusionem
409 768 442 829 et
457 764 711 845 propositionem
728 763 827 829 habet
843 769 876 828 et
891 783 950 845 per
967 782 1077 829 omnes
1093 771 1205 844 partes
1222 766 1323 833 efficit

148 869 233 951 quod
258 871 436 951 proposuit,
469 871 675 950 enthymema
702 874 829 935 tantum
856 869 1003 953 intellegi
1034 879 1221 938 contentum
1246 873 1319 939 sit.“

148 977 198 1042 De
221 975 451 1057 epichiremate
482 981 591 1041 autem
625 975 705 1041 haec
728 976 828 1040 habet
861 974 897 1040 V.
924 974 975 1059 14,
1014 973 1069 1040 14;
1105 977 1324 1058 „epichirema

148 1080 238 1147 nullo
269 1079 378 1146 differt
400 1099 421 1146 a
444 1080 654 1165 syllogismis,
689 1081 753 1146 nisi
786 1082 871 1162 quod
901 1081 951 1148 illi
976 1086 1009 1147 et
1039 1082 1148 1162 plures
1180 1085 1325 1150 habeant

149 1186 273 1268 species
297 1193 331 1252 et
346 1205 425 1253 vera
441 1185 599 1267 colligunt
620 1186 717 1269 ueris,
744 1187 986 1268 epichirematis
1010 1187 1213 1268 frequentior
1237 1191 1324 1256 circa

150 1291 321 1358 credibilia
344 1298 395 1359 est
416 1291 532 1378 asaei)
577 1293 668 1376 Quae
691 1293 896 1359 definitiones
919 1294 947 1360 si
971 1294 1013 1359 ad
1038 1295 1171 1360 Caecilii
1194 1303 1321 1362 senten·

149 1398 228 1464 tiam
252 1399 475 1481 explicandam
493 1400 698 1466 adhibendae
713 1406 798 1482 surm,
824 1400 974 1483 efficitur,
1000 1406 1038 1466 ut
1053 1401 1215 1485 apodixis,
1241 1421 1323 1482 quae

151 1512 202 1571 est
231 1505 454 1586 imperfectum
490 1506 695 1589 epichirema,
731 1526 766 1572 re
799 1508 843 1572 sit
876 1507 962 1572 idem
999 1508 1083 1587 quod
1107 1509 1323 1591 enthymema,

152 1611 237 1692 quod
248 1611 459 1692 imperfectus
472 1613 679 1694 syllogismus
693 1619 752 1697 est,
760 1651 803 1658 -
812 1613 847 1678 id
859 1614 945 1692 quod
957 1613 1056 1679 etiam
1068 1614 1326 1679 Burclrhardtius

153 1717 425 1805 animadvertiti)
450 1721 507 1785 sed
529 1739 601 1785 cum
625 1720 777 1802 apodixis
801 1724 834 1785 et
849 1720 1055 1800 enthymema
1071 1720 1182 1785 eodem
1205 1718 1327 1785 reverti

152 1824 336 1908 videantur,
361 1838 437 1891 num
454 1833 625 1906 utrumque
640 1828 738 1907 plane
762 1825 848 1891 idem
865 1844 908 1889 an
930 1822 1146 1890 differentiam
1164 1825 1327 1905 quandam

151 1930 312 1996 interesse
343 1931 517 1998 statuisset
541 1931 724 2017 Caecilius,
745 1952 780 1998 se
803 1951 868 1997 uon
890 1934 1036 2012 potuisse
1059 1933 1229 1998 enucleare
1253 1951 1326 1997 con·

152 2036 270 2103 litetur.
319 2037 412 2120 Quod
428 2038 602 2104 discrimen
618 2058 691 2103 mea
714 2038 842 2119 quidem
864 2036 1028 2103 sententia
1050 2038 1083 2102 in
1108 2057 1146 2104 eo
1165 2039 1326 2122 consistit,

154 2142 238 2222 quod
265 2143 348 2227 (curm
384 2149 587 2225 opponantur
621 2145 707 2211 inter
741 2163 777 2210 se
812 2143 1020 2227 syllogismus
1054 2149 1087 2210 et
1121 2143 1327 2227 epichirema,

154 2292 203 2352 est,
222 2286 293 2340 nihil
306 2287 381 2341 aliud
400 2303 458 2341 esse
473 2292 566 2355 potest
583 2287 637 2342 nisi
653 2288 825 2355 enthymema
839 2287 910 2354 quod
929 2303 1030 2352 „unum
1043 2286 1215 2340 intellectum
1232 2286 1323 2351 habet,

155 2391 207 2441 quo
222 2374 362 2444 significat
378 2375 468 2431 omnia
483 2379 573 2430 mente
590 2382 728 2444 concepta,
746 2376 870 2439 alterum,
890 2392 942 2443 quo
960 2375 1124 2430 sententiam
1143 2391 1204 2429 cum
1213 2375 1327 2439 ratione,

153 2463 275 2528 tertium,
294 2480 347 2532 quo
367 2470 470 2519 certam
490 2465 625 2532 quandam
645 2463 845 2519 conclusionem
870 2465 915 2517 vel
934 2479 969 2518 ex
987 2463 1213 2531 consequentibus
1231 2464 1277 2518 vel
1295 2479 1328 2518 ex

154 2553 371 2620 repugnantibus
400 2552 503 2622 (Quint.
528 2555 561 2619 V,
588 2552 630 2619 10,
661 2550 695 2620 1).
734 2553 811 2620 Quod
838 2553 862 2606 si
885 2552 1049 2620 epichirema
1077 2557 1240 2621 congrueret
1268 2569 1328 2606 cum

155 2641 364 2709 enthymemate,
383 2644 455 2710 quod
473 2659 578 2711 semper
596 2648 702 2710 partem
721 2641 875 2710 syllogismi
895 2641 1095 2706 essevidsmus,
1114 2647 1187 2695 esset
1205 2641 1329 2708 apodixis

155 2729 344 2798 imperfectum
377 2730 546 2799 epichirema,
575 2733 647 2800 quod
675 2735 703 2786 et
730 2731 820 2800 ipsum
846 2731 1022 2798 imperfectus
1050 2736 1124 2784 esset
1146 2729 1329 2798 syllogismus:

158 2834 227 2886 quae
275 2818 299 2873 si
342 2819 382 2873 ita
431 2826 508 2884 sunt,
559 2821 693 2888 quomodo
741 2819 857 2874 Caecilii
896 2818 1028 2887 apodixis,
1071 2834 1140 2886 quae
1186 2832 1330 2886 genere

157 2908 396 2965 conclusionis
427 2913 510 2976 atque
540 2910 635 2963 eodem
669 2909 762 2973 modo,
801 2924 853 2975 quo
896 2906 1067 2975 enthymema
1110 2924 1126 2959 a
1162 2907 1329 2975 syllogismo,

157 2995 242 3050 distat
272 2997 306 3052 ab
342 2997 547 3066 epichiremate,
586 2998 745 3065 explicanda
780 2996 826 3061 sit,
857 2997 947 3051 fateor
983 3011 1026 3050 me
1056 2995 1192 3063 ignorare.
1248 2995 1329 3062 Quid-

156 3081 269 3140 multat
296 3086 470 3143 nullomodo
498 3085 611 3142 Caecilii
639 3085 804 3141 sententiam
831 3100 964 3153 exponere
992 3084 1094 3152 poteris
1122 3084 1176 3139 nisi
1202 3083 1331 3137 statueris

158 3176 321 3241 epichirema
347 3191 405 3231 esse
431 3177 583 3244 perfectum
613 3175 800 3244 syllogismum
818 3174 848 3228 in
875 3173 1020 3229 rhetoricis
1047 3172 1164 3227 maxime
1182 3171 1330 3226 usitatum:

158 3279 211 3329 quo
231 3281 355 3321 concesso
374 3266 468 3334 inepta
485 3266 535 3319 illa
553 3266 637 3320 verba
655 3281 713 3320 esse
731 3263 870 3319 videntur.
907 3263 996 3330 Quare
1008 3262 1092 3317 miror
1121 3262 1193 3330 quod
1206 3259 1331 3315 Halmius

158 3348 233 3417 (edit.
252 3355 315 3421 Lps.
335 3352 415 3421 1867)
434 3358 463 3408 et
481 3353 639 3408 Bonnellius
665 3352 717 3420 (ad.
737 3354 802 3421 Lps.
826 3349 906 3417 1882)
931 3351 1001 3404 nihil
1019 3350 1048 3404 in
1071 3350 1116 3404 his
1134 3349 1225 3404 verbis
1244 3349 1329 3403 offen-

159 3440 258 3495 derunt
275 3448 358 3509 atque
386 3443 445 3497 iure
470 3441 609 3510 scripsisse
636 3448 703 3509 puto
729 3441 920 3510 Spaldingium
946 3437 996 3506 (ed.
1016 3440 1080 3506 Lps.
1105 3436 1182 3491 1803.
1206 3437 1262 3492 vol.
1291 3433 1330 3502 ΙΙ)

159 3530 343 3585 Vaseosanum
361 3537 498 3586 secutum:
518 3532 605 3597 „Nam
624 3535 652 3584 et
671 3531 884 3597 enthymema
902 3544 965 3598 pars
984 3525 1138 3595 syllogismi
1156 3524 1225 3581 est.“

269 3614 291 3681 ¹)
311 3618 345 3671 V.
373 3618 415 3683 10,
443 3622 468 3674 3:
492 3622 564 3676 hunc
582 3618 632 3672 alii
659 3616 825 3672 rhetoricum
853 3616 1043 3685 syllogismum
1071 3615 1121 3670 alii
1143 3614 1332 3683 imperfectum

160 3705 350 3775 syllogismum
367 3714 543 3775 vocaverunt,
572 3706 635 3777 quia
662 3722 711 3761 nee
738 3705 929 3760 distinctis
956 3721 1006 3759 nec
1033 3705 1183 3760 totidem
1207 3703 1332 3772 partibus

161 3794 375 3850 concluderetur.

267 3881 291 3948 2)
311 3885 345 3939 ol.
365 3884 398 3936 V.
417 3882 460 3948 10,
479 3883 509 3938 5:
534 3884 606 3939 Aliis
630 3882 740 3938 videtur
758 3899 813 3938 non
838 3882 1004 3937 destinatam
1032 3881 1076 3935 vel
1103 3881 1258 3935 inchoatam
1286 3880 1332 3934 sed

160 3975 308 4042 perfectam
327 3969 513 4040 probationem
539 3972 590 4028 hoc
607 3987 704 4026 nomen
731 3971 854 4039 accipere
879 3976 908 4025 et
926 3970 1051 4026 ultimam
1070 3969 1194 4038 speeiem,
1218 3968 1333 4036 ideoque

161 4063 272 4131 propria
299 4061 357 4116 eius
384 4057 531 4125 appellatio
559 4064 587 4112 et
605 4058 721 4112 maxime
747 4058 777 4112 in
804 4075 855 4114 usu
882 4064 925 4113 est
943 4059 1043 4127 posita,
1074 4073 1129 4125 qua
1156 4056 1333 4125 significatur

163 4157 238 4205 certa
256 4151 386 4218 quaedam
405 4141 557 4217 sentpntias
575 4147 783 4214 comprehensio,
802 4163 872 4214 quae
890 4163 924 4201 ex
943 4147 1031 4202 tribus
1049 4145 1190 4201 minimum
1207 4145 1331 4214 partibus

163 4248 279 4295 constat.

269 4326 292 4397 υ)
310 4329 327 4383 l.
347 4329 365 4384 l.
383 4338 448 4395 pag.
466 4317 509 4373 22.
528 4315 572 4372 23.
