3092 4692
721 177 743 242 8

628 269 842 281 -t-——fl-

148 372 331 456 eloquentia
345 372 485 440 nominis
500 371 668 441 retudisse
684 379 736 440 est
751 374 924 457 putandus,
943 391 1025 454 quos
1040 374 1113 456 ipse
1126 375 1317 441 audivisset.

149 481 271 546 Verum
305 478 358 544 hic
396 478 470 545 dum
509 479 667 546 bellorum
705 478 849 547 civilium
884 478 975 546 furor
1009 480 1121 545 orbem
1156 486 1318 546 terrarum

147 592 348 668 pervagatur
370 584 459 651 intra
482 583 641 652 coloniam
669 603 761 652 suam
786 585 969 651 Cordubam
993 603 1029 651 se
1051 587 1228 652 continuit:
1258 606 1319 667 quo

148 691 273 758 iactum
296 697 355 774 est,
387 698 424 756 ut
445 710 488 758 ue
512 691 697 759 Ciceronem
727 692 857 772 quidem
888 692 1003 758 audire
1030 692 1179 777 possetl)
1224 692 1320 774 Quod

149 779 179 847 si
201 798 286 846 auno
315 779 367 844 44.
393 799 423 846 a.
447 778 523 845 Chr.
552 780 771 861 Apollodorus
803 779 941 862 grandis
964 785 1036 846 erat
1058 785 1154 862 natu,
1188 783 1249 847 hoc
1271 786 1321 847 est

149 887 219 954 fere
252 887 507 971 sexagenarius,
539 887 582 952 ad
613 889 784 971 octogiuta
816 895 924 954 autem
958 894 992 954 et
1016 887 1078 953 duo
1113 906 1217 953 anuos
1249 906 1320 953 eum

148 993 252 1061 vitam
267 993 462 1076 produxisse
478 992 658 1080 traditur2),
682 994 877 1077 Dionysium
899 993 1005 1077 ipsum
1028 992 1224 1078 iuvenissei)
1249 1011 1320 1059 eum

150 1102 262 1168 vivum
273 1101 376 1167 adbuc
388 1105 421 1166 et
429 1099 597 1166 docentem
605 1100 687 1168 satis
695 1101 868 1183 probabile
880 1105 939 1167 est.
965 1103 1108 1182 Cumque
1120 1098 1320 1181 eodemiure,

150 1224 211 1287 quo
227 1211 317 1289 aute,
334 1205 382 1271 ita
402 1205 502 1271 etiam
513 1211 590 1287 post
602 1223 722 1273 anuum
734 1205 786 1271 44.
797 1225 826 1271 a.
847 1209 920 1273 Chr.
935 1205 1110 1273 Caecilium
1125 1205 1319 1287 Apollodori

149 1313 442 1379 declamationibus
464 1310 655 1379 interfuisse
677 1318 792 1395 putare
808 1314 978 1394 possimne,
994 1344 997 1349 <
1012 1350 1046 1360 -
1070 1310 1187 1392 quibus
1204 1310 1322 1377 studiis

149 1417 322 1485 rhetoricis
338 1420 394 1498 qui
410 1416 578 1501 favebant,
600 1421 692 1501 pueri
707 1419 896 1501 plerumque
912 1419 1037 1484 rhetori
1052 1436 1088 1484 se
1103 1416 1322 1484 instituendos

152 1525 302 1611 debaut4)
327 1563 369 1570 —
393 1524 486 1593 vides
510 1544 608 1607 quam
639 1524 777 1592 infirmis
800 1523 1023 1591 fundamentis
1051 1522 1137 1591 ratio
1162 1522 1323 1589 consistat

150 1630 320 1714 Muelleri,
357 1651 429 1698 cum
464 1631 673 1715 Dionysium,
709 1650 805 1713 quem
835 1632 878 1698 ad
913 1639 1058 1697 aetatem
1092 1629 1222 1697 virilem
1256 1627 1322 1695 iam

149 1743 340 1821 provectum
382 1739 518 1805 Romam
556 1758 593 1805 se
633 1739 811 1805 contulisse
856 1738 1033 1805 verisimile
1068 1743 1136 1818 est,
1177 1734 1320 1802 Caecilio

151 1850 260 1911 aetate
282 1845 468 1915 inferiorem
494 1845 598 1911 fuisse
621 1845 809 1911 contendat.

259 1951 429 2019 Mittamus
450 1951 553 2035 igitur
587 1951 790 2018 coniecturas
811 1953 893 2017 istas
923 1952 1121 2016 incertorum
1144 1957 1323 2030 temporum

151 2057 384 2124 substructioui
405 2057 594 2141 impositas:
618 2060 682 2124 iam
706 2059 749 2124 ad
764 2056 899 2124 Caecilii
910 2057 1096 2139 fragmenta
1106 2075 1194 2122 mere
1217 2055 1325 2120 rheto-

150 2162 221 2227 rica
245 2166 429 2231 accuratius
452 2165 628 2232 tractanda
651 2165 855 2231 accedamus.

261 2322 282 2391 ¹)
302 2325 410 2391 Seneca,
425 2325 553 2381 Controv.
563 2326 586 2380 Ι.
596 2326 682 2394 praei.
696 2324 712 2394 ἓ
726 2325 768 2391 11,
789 2342 852 2394 pag.
863 2322 897 2380 61
911 2326 953 2381 ed.
966 2324 1144 2393 Kiesslingiit
1163 2321 1324 2389 „0mnes“

153 2418 243 2470 autom
261 2414 356 2484 magui
374 2414 404 2469 in
422 2414 579 2483 eloquentia
603 2414 719 2470 nominis
743 2421 857 2482 excepto
883 2414 1010 2470 Cicerone
1028 2414 1124 2469 videor
1143 2412 1266 2468 audisse:
1292 2426 1326 2464 ne

154 2501 310 2558 Ciceronem
328 2503 437 2579 quidem
455 2508 532 2558 aetas
551 2503 617 2558 mihi
636 2503 789 2572 eripuerat,
814 2503 860 2557 sed
879 2502 1012 2559 bellorum
1031 2501 1153 2557 civilium
1173 2500 1258 2564 furor,
1279 2498 1325 2566 qui
1386 2536 1388 2539 -

152 2590 225 2645 huuc
244 2590 336 2645 orbem
355 2598 445 2647 totum
472 2593 689 2661 pervagabatur,
712 2591 789 2647 intra
807 2591 943 2647 coloniam
962 2608 1049 2647 meam
1068 2607 1110 2646 me
1130 2587 1270 2645 continuit
1288 2587 1323 2640 ci.

69 2722 79 2743 ,
153 2679 262 2735 Piderit
279 2678 298 2733 l.
317 2679 335 2733 l.
354 2696 419 2748 pag.
440 2680 481 2734 11.

260 2765 282 2834 ²)
301 2765 388 2835 (Luc.)
408 2769 616 2826 Macrobioitaz
635 2766 880 2849 »Ἀπολλόδωρος
903 2771 932 2829 δὲ
962 2770 977 2830 ὁ
1001 2764 1189 2849 Περγαμηνὸς
1224 2762 1326 2842 ῥήτωρ,

154 2881 228 2934 θεοῦ
250 2877 407 2951 Καίσαρος
434 2877 579 2954 capuerat
602 2873 780 2948 διδάσκαλος
803 2923 810 2936 .
835 2923 841 2936 .
866 2924 872 2936 .
897 2873 978 2953 ἔζησε
1002 2874 1049 2953 ἔτη
1071 2871 1244 2954 ὀγδοήκοντα
1268 2868 1327 2929 duo.

260 2978 284 3048 ³)
302 2981 437 3047 Fuerunt,
461 2981 507 3050 qui
532 2983 653 3038 dicerent
676 2984 872 3052 Apollodorum
898 2983 1048 3038 Massiliam
1072 2997 1101 3036 se
1126 2978 1274 3036 contulisse
1299 2985 1328 3030 et

155 3066 195 3121 ibi
214 3074 329 3124 mortem
353 3069 464 3136 obiisse,
489 3070 645 3126 testimonio
670 3071 713 3125 usi
738 3074 855 3126 Senecae
880 3072 940 3127 loco
966 3072 1057 3126 Contr.
1083 3068 1144 3123 libr.
1171 3069 1208 3122 ΙΙ.
1228 3068 1245 3120 5
1264 3064 1327 3133 (12),

156 3153 202 3207 13:
213 3155 301 3220 „Novi
314 3157 509 3213 declamatores
518 3177 567 3228 poa
576 3176 634 3214 mos
642 3175 703 3214 cum
713 3158 800 3227 (codd.
811 3161 894 3227 Brun
904 3168 965 3229 post
972 3176 1021 3214 uos
1034 3175 1095 3214 cum
1109 3155 1152 3224 A.)
1163 3156 1328 3225 Apollodoro

157 3240 231 3311 (TV3
250 3246 437 3314 apollodorum
451 3244 499 3314 C),
519 3249 565 3315 qui
581 3244 648 3304 'reus
660 3250 787 3305 veneficii
800 3250 856 3305 luit
869 3255 898 3304 ct
910 3266 927 3303 a
939 3248 1065 3304 Pollione
1084 3246 1180 3303 Asinio
1203 3246 1329 3299 defensus

158 3329 299 3386 damnatus
324 3336 464 3389 Massiliae
488 3336 583 3391 docuit
606 3345 642 3391 et.
672 3357 697 3407 q.
722 3338 760 3393 s.“
785 3340 982 3407 coniungentes
1014 3338 1097 3392 verba
1124 3335 1275 3404 ,.pos·mos“
1302 3340 1331 3386 et·

157 3432 235 3482 „oum
254 3419 446 3486 Apollodoro.“
484 3424 517 3477 Iu
540 3427 695 3495 corruptela
718 3429 859 3497 „posmos“
884 3429 969 3482 latere
994 3442 1092 3482 nomeu
1111 3423 1224 3488 lloscbi,
1250 3437 1329 3490 quem

158 3504 282 3558 veneficii
300 3521 377 3560 reum
399 3527 415 3563 a
435 3511 559 3567 Pollione
579 3514 719 3569 defensum
739 3533 797 3570 esse
816 3517 916 3570 scimus
936 3514 1099 3584 (Porphyrio
1118 3514 1153 3567 ad
1166 3514 1231 3568 Hor.
1252 3526 1293 3579 el)-
1308 3511 1329 3574 L

158 3592 184 3658 5,
202 3590 229 3657 9)
253 3591 307 3645 iam
325 3594 465 3652 Pideritus
490 3602 507 3653 l.
526 3602 543 3655 l.
563 3618 628 3670 pag.
655 3602 690 3656 14
715 3604 777 3659 adn.
809 3603 854 3672 (cf.
881 3622 945 3673 pag.
971 3603 1014 3671 13)
1043 3603 1198 3671 suspicatus
1222 3608 1276 3667 08¹3
1302 3607 1331 3651 li

160 3680 379 3749 coniungendum
405 3690 568 3747 „mos-cum“
594 3699 623 3745 et
646 3707 706 3744 cum
725 3693 844 3748 Teuffeli
863 3694 971 3762 (Pauly,
996 3692 1169 3761 Realeuoycl.
1195 3685 1330 3753 1²1862)‚

160 3767 263 3832 Haasii,
282 3768 451 3835 Buecheleri,
471 3775 642 3845 Kiessliugii,
662 3776 697 3846 (p.
717 3779 780 3847 210)
802 3784 834 3836 H.
854 3783 980 3838 bluelleri
1000 3783 1091 3850 (Vind.
1114 3779 1190 3836 1877.
1222 3796 1248 3846 p.
1270 3773 1331 3842 169)

161 3875 195 3913 ex
213 3857 375 3926 optimorum
395 3860 471 3912 codd.
491 3865 645 3920 recensione
658 3869 853 3924 emendandum
872 3882 943 3926 esse:
962 3872 1051 3938 „Novi
1070 3870 1265 3925 declamatores
1283 3881 1331 3935 pos

161 3947 302 4004 Moschum
314 3945 525 4013 Apollodorcum
544 3957 571 4004 et
584 3968 610 4020 q.
623 3956 662 4007 s.“
676 3956 737 4009 luce
750 3957 854 4014 clarius
866 3967 916 4014 est.
955 3962 1044 4027 Quare
1057 3959 1122 4028 quin
1135 3957 1331 4026 Apollodorum

162 4038 265 4092 Romae
293 4049 377 4104 usque
407 4033 442 4087 ad
469 4042 582 4090 mortem
607 4041 709 4097 vixisse
734 4050 884 4112 putemus,
908 4049 977 4103 nihil
1013 4056 1056 4104 est
1093 4047 1164 4117 quod
1191 4044 1331 4115 impediat.

162 4126 261 4180 Mortis
274 4139 373 4180 anuum
386 4120 544 4188 Apollodori
558 4122 697 4185 Pideritus
709 4132 726 4185 i.
747 4133 764 4185 l.
780 4135 875 4190 definit
894 4138 930 4191 ad
948 4154 973 4191 a.
986 4155 1012 4192 u.
1033 4155 1055 4192 e.
1069 4138 1120 4192 732
1134 4156 1170 4175 =
1182 4135 1219 4190 22
1230 4151 1255 4188 a.
1270 4133 1331 4188 Chr.

270 4210 292 4281 ⁴)
312 4212 346 4266 cl.
369 4210 462 4279 Quint.
482 4208 520 4273 ll,
539 4208 564 4272 8,
585 4208 608 4262 1.
