3092 4692
764 233 808 301 39

198 433 344 500 libellum
360 433 482 500 editum
498 432 658 499 Caecilius
674 433 804 499 exstitit
815 429 966 514 Dionysii
982 429 1143 512 opinionis
1159 431 1368 500 adversarius

197 538 358 625 (ἀντιλέγει)
398 541 607 620 ordinemque
648 539 822 619 pristinum
869 539 1022 605 reducere
1054 538 1192 606 studuit.
1247 540 1367 606 Verum

198 649 227 713 si
260 648 324 713 iam
360 652 437 715 ante
471 666 510 713 aa
549 653 712 730 tempora,
753 647 870 726 quibus
907 646 1061 711 dehemus
1099 646 1143 710 ad
1178 646 1368 712 Ammaeum

198 754 388 838 epistulam,
427 753 587 819 Caecilius
624 759 732 818 aetate
763 751 923 833 Dionysio
958 751 1061 817 maior
1090 750 1215 817 criticis
1249 751 1368 818 studiis

198 860 315 926 fuisset
330 859 469 943 deditus,
494 859 523 926 11
546 859 611 925 iam
635 868 703 924 tum
720 857 868 924 amicitia
883 857 1003 924 fuisset
1018 877 1090 924 cum
1114 877 1151 924 eo
1168 859 1366 943 coniunctus

198 968 276 1047 quin
299 965 492 1033 sententiam
517 964 691 1031 familiaris
714 984 753 1031 ex
778 964 940 1046 colloquio
964 965 1018 1032 vel
1041 964 1232 1031 recitatione
1255 965 1367 1032 statim

200 1078 397 1156 compertam
421 1072 531 1138 allatis
564 1074 673 1138 causis
697 1091 791 1152 quam
821 1073 958 1153 primum
981 1071 1229 1155 impugnaturus
1259 1070 1366 1154 fuerit,

202 1179 281 1245 mihi
303 1180 431 1260 quidem
465 1181 522 1247 uix
546 1177 676 1244 dubium
707 1198 778 1244 esse
809 1178 947 1245 uidetur.
1007 1178 1236 1244 Controversia
1266 1179 1369 1259 igitur

201 1292 289 1352 esset
312 1292 426 1352 exorta
455 1285 522 1351 iam
552 1289 620 1350 tum
650 1287 738 1350 inter
768 1284 946 1352 Caecilium
976 1288 1009 1350 et
1031 1284 1242 1365 Dionysium:
1277 1283 1367 1349 cuius

198 1391 342 1474 vestigia
365 1411 437 1458 cum
460 1410 564 1472 neque
589 1391 623 1457 in
649 1391 791 1472 epistula
814 1391 857 1456 ad
875 1391 1064 1456 Aminaeum
1080 1408 1184 1471 neque
1208 1390 1241 1454 111
1257 1391 1367 1456 verbis

198 1499 392 1564 scholiastae
408 1498 475 1564 ulla
490 1501 681 1580 appareant,
698 1497 796 1563 facile
812 1498 855 1563 ad
872 1516 942 1562 eam
959 1496 1147 1562 deducimur
1162 1495 1366 1580 sententiam,

198 1609 236 1671 ut
269 1604 448 1671 Caecilium
482 1622 542 1684 per
575 1604 732 1684 temporis
770 1604 929 1684 quoddam
967 1603 1175 1670 intervallum
1209 1601 1367 1685 Dionysio

198 1709 345 1793 ignotum
379 1710 482 1775 multo
517 1713 591 1792 post
628 1712 714 1775 hunc
751 1708 787 1775 in
824 1711 1007 1776 aesthetica
1041 1716 1075 1774 et
1109 1708 1224 1775 critica
1258 1708 1368 1775 studia

198 1816 385 1884 ineuhuisse
410 1835 608 1883 censeamus.

304 1912 387 1988 Arte
433 1929 540 1988 autem
586 1922 701 1988 critica
746 1941 837 2005 cum,
885 1923 961 2004 quid
1007 1920 1146 2005 singidis
1184 1923 1367 1987 oratoribus

199 2029 406 2095 tribuendum
430 2036 535 2113 esset,
566 2028 743 2110 Dionysius
775 2033 809 2094 et
832 2029 993 2096 Caecilius
1017 2026 1278 2110 constituissent,
1301 2029 1368 2093 iam

199 2136 293 2201 firma
327 2135 378 2200 usi
411 2135 576 2201 iudicandi
609 2155 722 2202 norma
754 2135 921 2218 proprium
955 2134 1108 2201 adierunt
1138 2152 1269 2218 munna,
1306 2153 1367 2214 quo

199 2241 328 2322 quidam
352 2241 553 2323 inquirentes
574 2242 607 2307 in
632 2244 726 2311 varia
749 2248 912 2308 oratorum
936 2241 1067 2307 dicendi
1089 2259 1211 2323 genera
1233 2238 1311 2319 quid
1333 2239 1368 2305 in

197 2366 385 2428 unoquoque
416 2349 556 2413 maxima
586 2355 675 2414 esset
707 2347 898 2414 imitandum
933 2354 1161 2429 proponerent.
1221 2344 1366 2427 Quorum

197 2453 376 2519 studiorum
400 2472 471 2520 cum
488 2453 642 2538 Dionysii
664 2471 785 2538 magna
808 2460 841 2521 et
864 2454 998 2539 egregia
1017 2456 1223 2519 monumenta
1245 2457 1366 2537 extent,

197 2561 332 2627 Gaecihi
355 2561 413 2629 vix
435 2581 532 2628 unum
556 2564 736 2630 alterumve
767 2563 987 2644 fragmentum
1019 2563 1183 2627 servatum
1208 2564 1273 2624 est:
1310 2559 1367 2624 sed

197 2670 345 2748 quamvis
368 2687 503 2753 paucae,
528 2669 676 2749 quamvis
691 2671 830 2750 pusillae
853 2666 1231 2749 1111111111111111111,
1256 2670 1366 2731 tamen

194 2794 259 2839 non
289 2773 369 2839 nihil
400 2775 513 2840 valent
546 2775 590 2840 ad
625 2776 846 2855 quaestionem
876 2779 1022 2838 nostram
1053 2773 1252 2849 solvendam,
1315 2775 1366 2837 Ac

193 2880 297 2962 primo
322 2881 450 2963 quidem
474 2881 649 2962 conspectu
673 2881 759 2960 quod
783 2879 885 2946 tradit
907 2879 1189 2963 Pseudolonginus
1212 2877 1366 2961 graviter

195 2986 371 3052 Caecilium
393 2985 558 3054 inuectum
582 3005 654 3052 essa
677 2987 712 3052 in
728 2988 900 3052 Platonem
923 2988 1006 3052 bene
1030 3003 1209 3067 congruere
1233 2983 1366 3050 videtur

194 3110 266 3158 cum
289 3091 443 3174 Dionysii
471 3092 709 3173 vituperatioue
732 3091 921 3159 Platonicae
950 3091 1160 3172 elocutionis;
1195 3096 1365 3157 attamen

194 3215 347 3278 magnum
371 3198 545 3264 discrimen
569 3200 656 3264 inter
678 3198 847 3279 utriusque
861 3197 1003 3264 rhetoris
1026 3195 1178 3262 iudicium
1201 3197 1366 3263 interesse

193 3303 346 3368 arbitror.
391 3304 473 3369 Nam
501 3302 628 3370 modica
658 3304 796 3384 quadam
818 3303 967 3371 Platonis
998 3302 1247 3384 reprehensione
1285 3321 1363 3371 usus

193 3412 244 3475 est
261 3408 440 3490 Dionysius
463 3414 561 3490 atque
583 3429 623 3476 ea
645 3411 680 3476 in
703 3409 818 3490 paucis
842 3410 1037 3490 quibusdam
1061 3409 1207 3491 partibus
1231 3428 1364 3490 operum

191 3515 441 3600 Platonicorum,
466 3516 500 3583 in
525 3516 639 3599 quihus
663 3515 895 3583 sublimitatem
919 3521 1055 3597 captare
1078 3515 1236 3582 voluisset
1260 3516 1363 3597 philo·

193 3622 314 3704 sophus
337 3621 446 3691 verbis
478 3623 602 3690 ornatis
633 3627 666 3690 et
695 3622 729 3689 in
763 3627 932 3706 poetarum
963 3641 1084 3688 morem
1115 3623 1294 3704 conversis3
1329 3621 1365 3687 in

192 3727 327 3809 reliquis
350 3732 476 3813 autem,
507 3729 681 3811 praecipue
710 3731 745 3795 in
769 3729 910 3812 dialogis
938 3725 1073 3794 summis
1096 3726 1246 3794 laudibus
1269 3728 1365 3794 111111

192 3834 360 3900 Platonem
384 3837 418 3900 et
432 3832 605 3902 dictionem
629 3837 699 3902 eins
721 3840 889 3916 comparat
904 3831 1075 3915 purissimo
1099 3831 1211 3920 ionti1)
1235 3837 1269 3898 et
1292 3833 1363 3899 loco

299 4008 590 4081 1111181101Ρ1111.
606 4008 806 4096 1111118111
828 4011 860 4071 di
877 4007 1037 4080 Πλάτωνος
1059 4008 1219 4092 διάλεκτος)
1236 4005 1364 4078 ἐκτόπως

192 4097 273 4180 ἡδεῖά
305 4105 366 4160 ἐστι
395 4103 446 4160 καὶ
483 4097 696 4180 φιλάνθρωτος.
742 4095 867 4180 καθαρά
895 4122 927 4160 aa
950 4096 1005 4180 γὰρ
1036 4097 1228 4180 ἀποχρώντως
1257 4099 1364 4178 γίνεται

191 4185 379 4348 {affimat
408 4184 500 4267 ὥςπερ
530 4185 568 4249 τὰ
598 4191 818 4267 διαφανέστατα
849 4197 905 4249 τῶν
926 4185 1069 4266 1111111111.
1101 4188 1136 4241 cf·
1155 4186 1189 4240 de
1208 4185 1284 4240 Dem·
1304 4185 1363 4239 15
