3092 4692
787 294 830 358 45

215 490 432 559 sublimitatis
451 489 560 571 posuit
575 490 868 573 Pseudolonginus.
914 491 997 558 Nam
1024 493 1060 558 in
1082 492 1196 575 figuris
1220 495 1396 562 Caecilium

215 598 363 666 voluisse
393 604 497 663 artem
528 597 638 663 inesse
669 602 704 662 et
742 596 913 663 consilium
944 616 1044 680 supra
1079 599 1394 682 demonstravimus,

214 703 327 787 ipsum
350 722 427 772 vero
458 704 492 769 in
514 702 625 770 libello
649 724 679 764 ιτ.
704 699 797 780 ὕψους
824 703 1058 771 sublimitatem
1090 707 1182 772 nulla
1212 712 1284 774 arte
1307 726 1392 773 com-

220 809 332 892 parari
354 828 452 891 posse
476 810 574 876 claris
597 810 708 876 verbis
731 809 875 877 edixisse
898 812 980 877 satis
1003 812 1084 877 mibi
1107 812 1396 897 ePseudolongini

220 918 331 985 uerbis
354 916 442 982 effici
464 914 593 983 videtur
616 914 706 981 bisce
736 914 780 1000 (ιτ.
804 911 856 993 io.
888 935 915 982 ο.
940 916 970 997 2,
997 916 1014 979 1
1039 937 1070 999 p.
1095 915 1146 1003 3):
1184 917 1248 996 ἡμῖν
1271 918 1391 980 δ’ἐκεῖνο

220 1020 412 1103 διαπορητίον
434 1028 464 1083 ἐν
487 1021 569 1102 ἀρχῇ,
595 1025 622 1082 εἰ
642 1018 720 1082 ἔστιν
743 1017 836 1101 ίψονς
858 1044 902 1093 τις
924 1018 942 1101 ἢ
962 1019 1078 1103 βάθους
1099 1028 1189 1105 τίχνιχ.
1213 1027 1279 1085 ἐκεί
1298 1040 1396 1095 τίνες

220 1126 292 1200 ὅλως
314 1128 423 1190 οἴονται
445 1134 646 1217 damnatissimi
676 1125 743 1199 τοὺς
764 1125 803 1188 τοὶ
829 1139 950 1190 τοιαῦτα
980 1124 1103 1209 ἄγοντας
1135 1135 1175 1200 εἰς
1201 1126 1315 1212 τεχνικοὶ
1339 1152 1395 1191 αα-

214 1238 413 1318 -ροιχχίλματα,
459 1244 646 1317 γεννᾶται
668 1232 734 1316 γάρ,
758 1238 839 1313 φησί,
863 1232 897 1296 τὸ
912 1237 1080 1316 μεχαλοφνῆ
1094 1238 1143 1296 καὶ
1167 1235 1201 1297 οὗ
1223 1234 1394 1297 διδακτοὶ

213 1344 408 1424 παραγίνεται
438 1344 487 1402 καὶ
510 1345 563 1418 μία
593 1345 675 1422 τέχνη
702 1338 776 1421 πρὸς
799 1338 874 1401 αὐτὰ
904 1338 941 1402 τὰ
964 1346 1132 1419 πεφυκέναι.
1178 1345 1263 1422 χείρω
1293 1363 1324 1402 τε
1352 1339 1390 1401 τά

213 1447 329 1529 ‘macenti
360 1447 438 1530 ἔργα,
470 1448 507 1518 oie
532 1447 649 1518 οίονται,
674 1450 723 1508 καὶ
753 1457 794 1525 τῷ
821 1450 907 1507 παντὶ
939 1444 1088 1526 aceldema
1116 1452 1298 1508 καθίσταται
1329 1459 1395 1518 ταῖς

216 1557 407 1637 τεχνολογίαις
430 1551 740 1632 κατασκελετενόμενα.
787 1553 891 1637 Quam
927 1552 1121 1620 sententiam
1153 1569 1284 1621 secutus
1318 1555 1392 1621 fieri

212 1679 283 1727 non
305 1660 423 1744 potuit,
448 1660 526 1742 quin
541 1659 704 1727 Caecilius
728 1659 836 1726 omnia
858 1666 1050 1744 removeret,
1081 1680 1164 1741 quae
1188 1663 1270 1727 artis
1294 1681 1394 1742 quan·

218 1767 293 1834 dam
318 1769 463 1850 speciem
486 1768 711 1834 ostenderent:
745 1768 829 1833 satis
852 1767 954 1849 igitur
976 1766 1091 1834 habuit
1115 1769 1274 1849 exemplis
1297 1786 1391 1834 accu-

212 1878 290 1940 rate
313 1874 562 1957 demonstrasse,
596 1891 678 1954 quae
702 1878 790 1940 esset
812 1877 931 1939 natura
954 1872 1165 1939 sublimitatis
1188 1877 1222 1939 et
1244 1873 1394 1940 consulto

217 1979 327 2046 omisit
338 1979 430 2063 illud,
448 1980 532 2060 quod
548 1979 683 2044 alteram
701 1978 935 2062 disputationis
950 1985 1076 2061 partem
1100 1997 1173 2045 esse
1189 1978 1392 2046 desideravit

212 2082 510 2168 Pseudolonginus
548 2104 614 2166 qua
648 2084 780 2165 quidem
809 2085 950 2168 doceret,
987 2104 1049 2166 quo
1080 2085 1172 2151 modo
1208 2091 1242 2151 ct
1273 2084 1393 2166 quibus

217 2193 401 2258 rationibus
426 2193 659 2259 sublimitatem
689 2191 784 2258 nobis
815 2191 986 2274 acquirere
1009 2211 1188 2277 possemus,
1217 2195 1392 2276 genuinam

212 2299 452 2365 sublimitatem
468 2318 574 2380 neque
590 2298 665 2364 ullis
680 2300 866 2380 praeceptis
886 2299 1073 2365 discendam
1099 2318 1172 2366 esse
1187 2300 1392 2387 professum)

217 2478 289 2534 vidit
308 2477 391 2532 verba
409 2477 472 2532 illa:
495 2480 538 2547 τίς
561 2471 594 2554 ἦν
611 2475 627 2555 ἡ
642 2473 718 2537 κατὰ
742 2474 829 2555 φύσιν
851 2486 952 2558 χρῆσις
967 2478 1091 2532 alludore
1103 2478 1138 2532 ad
1158 2477 1270 2533 Caecilii
1282 2479 1389 2547 figurae

212 2567 334 2636 priorem
361 2566 560 2621 definitionem:
589 2563 686 2646 σχῆμοί
703 2570 763 2625 ἐστι
778 2563 872 2644 τροπὴ
895 2570 935 2636 είς
949 2562 983 2626 τὸ
998 2563 1136 2643 μὴκατὰ
1153 2563 1240 2644 φύσιν
1263 2591 1288 2626 κ.
1312 2588 1337 2626 τ.
1353 2568 1394 2638 i„-

217 2671 305 2723 neque
324 2671 389 2711 vcro
409 2655 520 2710 Caecilii
539 2655 688 2723 figurarum
708 2655 894 2710 definitionem
912 2655 959 2709 sed
978 2670 1047 2722 quae
1066 2655 1095 2709 in
1120 2655 1214 2711 libello
1243 2678 1273 2715 τι.
1298 2652 1392 2733 ὕψους

210 2744 340 2798 ediderat
358 2743 441 2797 verba
458 2742 680 2810 Pseudolongino
697 2747 762 2797 ante
781 2741 874 2798 oculos
892 2743 1037 2798 obuersata
1055 2758 1113 2798 esse
1135 2749 1213 2813 puto.
1256 2745 1301 2799 Sic
1321 2743 1391 2799 enim

216 2833 308 2888 locum
354 2832 529 2899 interpretor.
588 2829 801 2885 Praedicauerat
840 2831 975 2886 Caecilius
1020 2832 1166 2901 genuinam
1207 2833 1394 2901 eloquentiam

213 2921 397 2977 sublimitatis
409 2919 603 2990 gravissimum
615 2926 767 2975 auctorem:
787 2919 889 2988 quaesi
899 2921 984 2975 adres
1003 2923 1144 2977 accederet
1156 2928 1257 2976 natura
1269 2923 1389 2990 grandes

214 3017 302 3079 atque
320 3010 448 3065 sublimes
466 3006 511 3093 (τὸ
538 3009 727 3089 μεχαλοφοές)
747 3016 876 3065 secutura
894 3026 952 3065 esse
971 3017 1068 3079 sponte
1080 3011 1254 3065 vehementes
1268 3010 1392 3076 affectus,

215 3099 340 3169 insignia
357 3099 447 3164 verba,
465 3099 615 3167 figurarum
635 3105 793 3154 ornamenta
811 3098 933 3154 illustria
952 3097 999 3164 (cl.
1018 3099 1051 3152 de
1070 3098 1183 3166 Antipli.
1202 3098 1284 3164 iud).
1304 3099 1388 3155 Cuius

215 3188 260 3242 rei
278 3187 470 3242 Demosthenis
488 3186 688 3241 celeberrimam
711 3186 789 3240 illam
816 3186 924 3242 iurandi
949 3187 1094 3241 formulam
1113 3188 1262 3256 exemplum
1282 3189 1389 3255 attulit,

215 3293 273 3332 non
292 3292 373 3343 quem
391 3275 498 3329 schema
516 3290 574 3329 esse
592 3275 702 3330 doceret
721 3280 782 3328 arte
801 3274 872 3329 domi
898 3275 1083 3343 compositum,
1101 3276 1188 3330 sedin
1201 3293 1281 3343 quam
1294 3284 1391 3346 sponte

216 3364 318 3422 alumen
348 3362 519 3432 eloquentiae
555 3363 697 3429 incideret,
738 3362 880 3418 occasione
914 3363 1006 3418 oblata
1034 3381 1094 3419 cum
1134 3363 1240 3420 animus
1276 3365 1394 3421 oratoris

219 3454 386 3525 gravissime
404 3456 476 3508 esset
488 3451 628 3506 incitatus.

331 3540 351 3609 1)
371 3541 506 3596 Caecilius
525 3557 579 3608 qua
596 3539 735 3596 sententia
754 3541 852 3594 ductus
870 3540 992 3596 libellum
1019 3562 1049 3599 π.
1086 3537 1178 3615 {maog
1222 3542 1392 3606 confecisset,

215 3636 362 3701 postquam
374 3645 457 3697 supra
469 3629 588 3698 exposui,
606 3629 660 3683 iem
678 3645 730 3697 quo
740 3629 800 3684 iure
816 3629 888 3685 inter
905 3628 1048 3698 philologo
1063 3630 1342 3699 scriptaatqueinter
1361 3646 1394 3685 ea

212 3720 335 3788 vquidem,
355 3735 425 3787 quae
444 3726 567 3787 spectent
592 3720 626 3773 ad
646 3723 784 3797 θεωρίαν,
802 3719 956 3775 rettulerim
976 3719 1051 3783 satir,
1070 3727 1146 3786 puto,
1166 3720 1263 3774 elucet.
1301 3720 1392 3786 Quod·

219 3826 279 3864 cum
297 3807 441 3864 Martensii
462 3807 615 3875 opinionem
633 3808 754 3875 recipere
772 3824 827 3863 non
846 3807 975 3871 dubitem,
1002 3807 1092 3862 facere
1110 3823 1164 3862 non
1181 3824 1298 3876 possum,
1326 3807 1393 3874 quin

213 3899 338 3953 refutare
356 3899 479 3952 studeam
492 3898 629 3951 Brzoskce
648 3896 811 3966 opinionem,
831 3896 879 3964 qui
897 3894 1026 3962 „Artcm“
1046 3895 1131 3951 luisse
1145 3896 1258 3950 Caecilii
1270 3895 1393 3949 libellum

215 3989 300 4054 putat
318 3985 359 4040 ite
378 3992 588 4054 argumentatus
606 3985 624 4039 1.
643 3985 661 4038 1.
680 4002 706 4054 p.
726 3984 769 4039 27.
788 4002 815 4039 n.
836 3988 868 4038 1:
893 3991 1099 4053 „praeterquam
1118 3985 1189 4053 quod
1206 3983 1307 4051 ubique
1326 3983 1391 4036 Cae-

215 4074 311 4130 cilium
329 4075 384 4129 arti
403 4091 534 4129 summam
548 4074 605 4129 uini
623 4074 753 4129 tribuisse
771 4075 806 4128 ud
820 4073 970 4129 orationem
983 4074 1204 4129 conformandam
1217 4071 1390 4126 observamus

213 4163 312 4230 procul
331 4162 412 4217 dubio
432 4162 610 4217 sublimitatis
623 4171 710 4217 ortem
728 4177 790 4218 eum
808 4162 955 4230 agnouisse
974 4162 1091 4230 ecapite
1110 4160 1195 4229 primo
1208 4160 1253 4213 Pe.
1268 4158 1389 4227 Longini

215 4250 336 4305 dilucide
362 4251 466 4305 evadit.
501 4252 571 4306 Nam
607 4251 788 4332 τεχνολογίαν
817 4251 930 4307 Caecilii
957 4273 987 4311 α.
1023 4246 1116 4327 ὕψους
1154 4244 1391 4328 σνχχραμμιίτιον

217 4339 302 4394 luisse
321 4347 415 4408 aperte
432 4340 571 4409 significat
590 4339 843 4409 Pseudolonginm3
870 4341 925 4409 qui,
944 4341 968 4394 si
987 4339 1044 4393 tale
1063 4338 1143 4406 quale
1160 4337 1250 4393 voluit
1269 4339 1392 4392 Martcns
