3092 4692
734 178 779 243 40

168 374 323 462 florido‚¹)
355 375 431 455 quin
462 375 497 440 in
519 373 630 440 multis
660 375 757 440 rebus
788 374 1060 441 Demosthenicae
1093 394 1205 457 parem
1237 374 1345 461 esse2)

169 486 287 549 censet
334 481 380 546 At
394 484 431 545 ut
446 498 687 563 cognoscamus,
705 479 784 560 quid
800 479 960 546 Caecilius
976 481 1015 547 de
1032 480 1169 547 Platone
1186 483 1343 566 senserit,

168 589 340 655 armamus
373 588 478 669 ipsum
513 584 808 667 Pseudolonginum
832 586 877 670 (τι.
901 583 994 665 locor
1019 585 1072 669 32,
1096 586 1126 651 5.
1150 607 1181 669 p.
1215 586 1257 653 to
1289 588 1342 653 ed.

168 695 278 776 Vahl·;
303 694 444 760 Burckh.
469 692 532 774 fug.
549 691 604 777 24)
621 691 649 776 (ὁ
672 690 838 775 Καικίλιος)
855 691 1047 772 ἀπεθάρρησε
1070 703 1111 771 τῷ
1124 698 1210 754 παντὶ
1226 698 1345 754 Λυσίαν

168 803 274 881 ἀμείνω
304 797 466 869 Πλάτοινος
496 795 711 877 ἀποφήνασθαι
742 801 807 858 δυσὶ
845 796 960 859 πάθεσι
997 796 1175 881 χρησάμενος
1206 801 1343 880 ἀκρίτοις.

169 909 257 986 φιλῶν
271 904 326 988 γάρ
348 903 397 966 τὸν
413 904 565 974 Λυσίανὼς
577 904 637 965 οὐδ’
659 901 745 974 αὐτὸς
761 901 849 966 αὑτὸν
865 903 942 983 ὅμως
964 908 1073 983 μᾶλλον
1095 919 1178 985 μισεῖ
1195 917 1236 983 τῷ
1255 910 1343 967 παντὶ

167 1008 317 1073 Πλάτωνα
357 1009 373 1088 ἢ
409 1014 526 1071 Λυσίαν
564 1009 675 1093 ινιλεῑδ)
730 1009 822 1092 Quae
839 1009 841 1011 ’
857 1014 959 1078 verba
993 1011 1056 1078 etsi
1090 1032 1155 1078 non
1187 1011 1258 1079 sine
1290 1015 1343 1078 ira
1452 998 1456 1004 ’

167 1124 202 1186 et
223 1116 329 1184 studio
357 1116 487 1199 prolata
514 1135 585 1182 esse
613 1116 773 1200 videntur,
791 1124 916 1183 tamen
948 1119 1031 1184 satis
1063 1119 1181 1185 docent
1214 1121 1342 1186 modum

169 1223 347 1293 excessisse
395 1223 570 1289 Caecilium
623 1229 656 1289 et
704 1223 801 1290 nimis
859 1225 968 1306 inique
1011 1234 1045 1292 et
1090 1226 1217 1293 infense
1259 1226 1341 1291 iudi-

168 1352 268 1400 casse.
328 1329 493 1413 Quodcum
534 1330 569 1393 in
612 1329 753 1395 ancilio
796 1331 1000 1399 desideretur
1041 1332 1194 1415 Dionysii
1234 1333 1342 1398 mode·

169 1439 254 1505 ratio
277 1437 345 1520 illa,
377 1434 497 1502 maturi
528 1436 804 1516 consummatique
833 1436 946 1502 iudicii
981 1437 1118 1521 signum,
1148 1442 1341 1522 aequuipera-

167 1550 234 1610 tum
271 1563 344 1610 eum
375 1541 474 1608 velim
510 1543 666 1624 discipulo
701 1542 889 1610 iuveniliter
927 1545 1121 1629 exsultanti,
1165 1547 1218 1625 qui
1256 1566 1342 1613 nova

169 1649 290 1716 iudicia
321 1668 342 1715 a
372 1650 530 1731 magistro
562 1654 695 1729 recepta
725 1668 789 1715 non
820 1658 888 1716 tam
918 1650 1020 1732 ipsius
1053 1651 1170 1718 studiis
1200 1654 1342 1734 probare

168 1763 265 1837 atque
295 1755 442 1822 excolere
475 1773 569 1837 quam
604 1755 759 1823 conuiciis
791 1758 980 1823 confirmare
1012 1758 1184 1825 studuerit.
1232 1758 1341 1841 Quare

168 1884 208 1930 ex
229 1862 341 1929 indicii
364 1861 546 1928 temeritate
570 1861 711 1928 conicias
735 1863 910 1928 Oaccilium
939 1862 1034 1929 annis
1056 1863 1215 1948 Dionysio
1240 1865 1340 1932 luisse

167 1970 335 2036 minorem:
360 1987 443 2049 quae
466 1970 651 2034 coniectura
674 1986 869 2049 quamquam
893 1975 944 2035 est
968 1972 1049 2037 satis
1082 1971 1209 2044 debilis,
1232 1978 1341 2038 tamen

168 2095 205 2141 eo
239 2074 424 2141 confirmari
458 2073 588 2140 videtur
618 2074 704 2153 quod
739 2074 773 2139 in
804 2075 946 2155 epistula
977 2078 1020 2142 ad
1047 2078 1104 2144 Gn.
1140 2080 1339 2162 Pompeium,

169 2199 232 2261 qua
255 2179 390 2246 Caecilii
412 2182 591 2262 Dionysius
622 2180 819 2247 mentionem
850 2181 940 2267 iacit,
974 2184 1060 2250 inter
1083 2185 1231 2251 Platonis
1254 2184 1340 2251 uitu-

171 2294 341 2369 peratorcs
374 2285 468 2351 initio
492 2288 652 2368 epistulae
687 2288 927 2374 enumeratosss)
962 2292 1204 2357 acerbissimum
1239 2290 1340 2374 illum,

170 2392 272 2475 ipsius
296 2391 445 2477 amicum,
469 2411 535 2458 non
557 2394 746 2461 nominavit.
793 2396 839 2460 At
862 2396 1010 2476 profecto
1035 2415 1107 2462 eum
1123 2395 1180 2463 vix
1196 2402 1339 2478 praeter-

275 2603 295 2672 ¹)
316 2605 592 2675 domme-321³.
613 2604 695 2661 1056:
720 2609 773 2667 καί
800 2631 849 2685 μοι
878 2612 961 2668 δοκεῖ
982 2629 1026 2677 τις
1055 2606 1106 2668 οὐκ
1135 2604 1170 2668 ἀν
1201 2607 1340 2686 ἁμαρτεῖν

165 2689 217 2773 τὴν
247 2693 298 2770 μὲν
320 2690 485 2764 Πλάτωνος
514 2693 589 2767 λέξιν
620 2692 740 2765 είκάσας
771 2695 892 2776 ἀνθηρῷ
918 2700 1012 2778 χωρίῳ
1042 2693 1213 2776 καταγωγὰς
1243 2697 1339 2772 ἡδείας

168 2780 257 2864 ἔχοντι
274 2783 323 2842 καὶ
338 2785 454 2863 τέρφεις
468 2788 640 2863 έψημέρους;
658 2786 692 2840 cf.
711 2783 747 2840 ib.
767 2801 789 2838 c.
808 2785 850 2840 51.
868 2802 895 2854 p.
914 2784 995 2840 1112:
1022 2784 1093 2861 ὁρῶν
1116 2830 1122 2843 .
1146 2835 1152 2847 ,
1175 2781 1337 2860 Ἰσοκράτην

166 2875 215 2932 καλ
238 2869 388 2933 Πλάτοινα
412 2872 543 2952 γλυπτοῖς
566 2875 614 2932 καὶ
637 2883 782 2954 τορευτοῖς
805 2871 934 2940 ἐοικότας
957 2875 1130 2948 ἐκφέροντας
1151 2864 1257 2950 λόγους.

272 2976 296 3046 ²)
317 2980 350 3034 de
362 2977 446 3048 comp.
456 2979 530 3034 verb.
542 2995 564 3032 t.
578 2978 619 3032 19.
645 2997 675 3049 p.
686 2981 752 3035 133:
775 2975 959 3058 παράδειγμα
990 2975 1105 3055 δἀὗτῆς
1127 2975 1176 3062 (st.
1199 2984 1249 3054 τῑγς
1272 2998 1338 3056 κρα-

167 3071 265 3146 τίστης
286 3065 401 3153 λέξεως)
423 3076 562 3146 ποιοῦμαι
577 3077 678 3128 πᾶσαν
689 3070 741 3146 μὲν
763 3068 813 3148 τὴν
833 3064 993 3148 Ἡροδότου
1007 3064 1089 3139 λέξιν,
1113 3076 1213 3126 πᾶσαν
1235 3069 1268 3126 δέ
1290 3061 1340 3142 τὴν

165 3153 334 3228 Πλάτοινος,
350 3165 449 3217 πᾶσαν
464 3157 495 3217 dd
506 3153 557 3234 τὴν
568 3158 775 3235 Λημοσθένους
781 3184 792 3228 ,·
804 3159 839 3213 cf.
851 3159 887 3214 ib.
902 3175 924 3212 c.
936 3156 979 3211 24.
989 3173 1014 3226 p.
1027 3156 1137 3226 187311).
1150 3172 1172 3209 c.
1186 3154 1227 3209 18.
1235 3172 1266 3233 p.
1280 3152 1340 3208 117:

167 3241 183 3301 ὁ
206 3240 260 3324 γάρ
276 3242 346 3325 ἀνὴρ
371 3244 517 3322 εὐμέλειαν
533 3249 581 3305 καὶ
606 3245 768 3326 εὐρυθμίαν
796 3252 919 3308 συνιδεδν
942 3242 1167 3324 δαιμονιώτατος
1189 3244 1238 3304 καὶ
1262 3238 1291 3302 εἶ
1300 3265 1342 3323 γε·

167 3328 258 3419 δελνὸς
281 3328 313 3411 ἦν
336 3329 426 3402 οὕτως
449 3332 561 3404 ἐκλέξαι
583 3331 621 3394 τά
647 3331 777 3413 ὀνόματα
800 3335 838 3403 ὡς
861 3341 1013 3393 συνθεῖναι
1037 3330 1186 3411 περιττόςε
1217 3334 1291 3402 ,,καί
1309 3327 1342 3391 νύ

167 3441 215 3477 κεν
238 3415 255 3496 ἢ
277 3423 466 3498 παρέλασσε“
482 3418 532 3481 τὸν
547 3424 741 3500 Δημοσθένην
753 3420 876 3490 κάλλους
887 3423 1035 3498 ἑρμηνείας
1052 3418 1134 3477 ἔνεκα
1147 3416 1184 3495 „il
1200 3417 1342 3496 ἀμφηρίσ-

167 3527 216 3567 τον
247 3503 335 3583 ἔθηκε
367 3532 392 3568 κ.
424 3531 449 3569 τ.
480 3511 505 3569 λ.
552 3511 655 3567 Multas
681 3511 801 3566 virtutes
833 3524 970 3576 perpauca
994 3505 1065 3559 vitia
1095 3507 1167 3574 apud
1196 3507 1341 3562 Platonem

171 3593 290 3651 inveniri
308 3595 386 3651 Dion.
412 3598 479 3654 dicit
503 3599 534 3654 in
552 3616 593 3668 cp.
612 3599 647 3653 ad
665 3600 758 3666 Pomp.
779 3612 801 3648 c.
821 3595 846 3648 2.
874 3611 900 3663 p.
919 3591 979 3646 768.

273 3679 296 3750 ⁸)
315 3683 530 3755 Pseudolongini
548 3688 619 3743 illud
637 3694 697 3770 ,μῷ
717 3686 887 3743 παντίίιοοιι
908 3681 1099 3750 accipiendum
1128 3700 1186 3739 esse
1215 3684 1269 3739 nisi
1304 3685 1336 3739 de

168 3769 330 3828 elocutionis
347 3771 497 3830 virtutibus
515 3792 592 3831 nemo
619 3773 744 3844 negabit,
773 3789 834 3827 cum
852 3772 882 3828 in
900 3771 1002 3827 Photio
1022 3769 1092 3839 (cod.
1115 3770 1176 3826 262.
1195 3789 1221 3841 p.
1240 3771 1293 3824 489
1305 3773 1340 3841 b;

169 3863 210 3931 ig.
228 3860 245 3913 9
264 3855 361 3924 Bckh.)
381 3869 511 3928 appareat
530 3864 641 3932 Lysiam
660 3861 807 3918 aGaecilio
826 3862 1015 3930 vituperatum
1034 3876 1100 3926 esse,
1120 3862 1192 3928 quod
1217 3877 1260 3916 res
1274 3861 1341 3916 bene

167 3950 295 4007 inveniti
307 3947 375 4003 bene
400 3945 543 4015 (ῙῙΒΡΟΠΘῙΘ
569 3949 783 4037 (οἰκονομῆσαι)
813 3967 868 4006 non
880 3957 981 4019 posset.
1018 3950 1059 4004 De
1078 3949 1238 4004 elocutionis
1251 3956 1341 4005 autem

167 4038 320 4094 virtutibus
340 4035 490 4091 caecilium
502 4037 612 4096 ‘iniuste
637 4048 669 4097 et
684 4041 790 4096 intenae
809 4041 952 4096 Platonem
975 4038 1108 4107 carpsisse
1134 4054 1189 4093 non
1213 4038 1308 4093 dubito
1326 4055 1341 4091 e

168 4125 385 4196 Pseudolongini
403 4123 494 4182 uerbis
515 4126 643 4182 conicere.

274 4211 298 4282 ⁴)
316 4229 357 4283 ep.
376 4213 420 4268 ad.
439 4212 487 4266 (ln.
505 4211 600 4274 Pomp.
619 4228 641 4262 c.
662 4214 685 4265 1.
704 4226 729 4277 ε·
749 4214 810 4270 757.

1505 696 1513 743 i
