3092 4692
799 220 822 283 7

225 419 328 488 fuisse
352 419 488 485 constat.
513 413 550 500 (s.
576 435 604 481 a.
630 412 697 497 44),
730 413 891 498 Dionysio
915 418 1002 481 00110
1026 416 1131 480 maior
1157 421 1238 481 natu
1260 416 1397 498 ideoque

225 525 273 590 illi
297 529 370 590 erat
394 520 648 602 anteponendus.
696 519 761 586 Sed
792 519 878 586 alter
901 524 1005 586 restat
1031 521 1121 586 locus
1145 519 1396 606 Quintilianeus,
1436 532 1439 537 ’

226 650 287 712 quo
317 628 415 696 nixus
445 627 622 692 Muellerus
654 626 674 690 l.
698 628 717 692 l.
745 627 938 707 probavisse
968 625 1032 691 sibi
1066 625 1199 693 videtur
1223 627 1397 695 Caecilium

225 733 383 817 Dionysio
412 733 637 800 antecessisse.
685 731 767 798 Nam
797 737 968 814 postquam
999 733 1109 799 rhetor
1138 735 1198 815 IX,
1225 734 1254 816 1,
1284 731 1327 799 10
1358 735 1398 801 de

226 862 335 909 eorum
358 840 521 907 sententia
545 836 708 922 disseruit,
740 838 796 919 qui
819 838 1074 918 qualemcunque
1098 840 1255 907 sermonis
1278 839 1397 906 flexum

226 955 261 1015 et
275 946 420 1013 habitum
443 945 582 1027 figuram
605 945 811 1011 nominarent
833 963 939 1025 neque
961 944 996 1009 id
1020 944 1131 1028 solum,
1156 945 1243 1025 quod
1265 945 1397 1028 proprie

226 1055 355 1120 schema
392 1050 632 1135 appellaretur,
667 1053 749 1116 haec
784 1048 876 1115 addit
910 1052 1026 1117 verba:
1065 1050 1193 1134 „Quare
1226 1051 1398 1119 intellectu

225 1159 332 1241 priore
354 1163 388 1226 et
410 1155 570 1224 communi
591 1156 674 1222 nihil
704 1175 770 1222 non
793 1155 966 1238 figuratum
999 1160 1058 1222 est.
1106 1154 1176 1238 Quo
1201 1156 1230 1223 si
1252 1158 1397 1225 contenti

226 1283 351 1347 sumus,
377 1261 626 1329 necimmerito
652 1261 911 1345 Appohodorus,
937 1260 964 1326 si
988 1262 1179 1327 tradenti
1203 1263 1394 1330 00001110

227 1369 398 1453 credimus,
415 1364 755 1449 incomprehensibilia
770 1365 876 1447 partis
892 1367 988 1432 huius
1003 1373 1180 1448 praecepta
1195 1366 1397 1435 existimavit

225 1474 296 1562 (IX,
324 1476 352 1558 1,
379 1473 467 1560 12).“
516 1471 1172 1556 111οο11100000110110101110110101.
1196 1474 1259 1558 ΠΙ,
1285 1475 1314 1558 1,
1340 1474 1392 1540 18;

227 1579 442 1664 „Apollodori
471 1583 648 1660 praecepta
682 1577 788 1660 magis
817 1597 858 1645 ex
889 1577 1060 1660 discipulis
1091 1582 1288 1661 cognoscas“
1323 1598 1395 1646 cum

226 1685 358 1752 01111111
373 1685 601 1751 concluserunt
613 1683 786 1750 Caecilium
798 1684 899 1751 fuisse
916 1685 1105 1765 Apollodori
1118 1684 1339 1769 discipulum)
1353 1725 1396 1734 -

227 1794 280 1877 (ac
303 1796 392 1858 recte
416 1790 546 1872 quidem
571 1810 627 1856 eos
649 1791 685 1856 id
709 1792 889 1857 coniecisse
911 1796 1026 1872 postea
1056 1790 1131 1856 aliis
1154 1790 1259 1858 causis
1282 1791 1395 1857 confir·

225 1898 335 1985 mabo)
359 1937 403 1945 —
426 1903 493 1964 tum
510 1898 686 1964 Muellerus
709 1897 761 1963 his
778 1897 889 1964 verbis
913 1898 1017 1964 fretus
1032 1900 1156 1963 hancce
1179 1897 1396 1978 superstruxit

225 2007 556 2090 argumentationem:
584 2004 706 2089 ,Quod
730 2005 845 2085 inquit,
869 2004 898 2071 si
919 2006 968 2070 ita
984 2012 1043 2087 est,
1069 2023 1140 2070 cum
1162 2004 1396 2087 Apollodorum

226 2113 381 2197 grandem
426 2119 507 2179 natu
553 2113 594 2177 ab
631 2111 813 2180 Octaviano
858 2111 1063 2194 Apolloniam
1111 2111 1284 2177 deductum
1323 2128 1395 2176 esse

226 2218 402 2285 Suetonius
433 2223 572 2284 testetur
601 2216 698 2303 (Aug.
729 2217 803 2303 89),
834 2217 912 2297 quin
936 2216 1096 2283 Caecilius
1122 2215 1190 2284 eius
1223 2214 1396 2297 disciplina

224 2325 311 2391 circa
341 2323 482 2391 medium
506 2323 672 2389 saeculum
695 2344 723 2390 a.
749 2322 824 2389 Ohr.
849 2321 989 2404 primum
1012 2341 1089 2390 usus
1113 2323 1158 2389 sit
1180 2343 1272 2390 nemo
1297 2321 1395 2388 facile

224 2431 385 2497 dubitat.“
432 2429 503 2513 Quo
527 2436 672 2513 tempore
702 2434 812 2497 autem
836 2430 1007 2512 Augustus
1030 2430 1261 2513 Apollodorum
1285 2447 1394 2494 secum

224 2537 362 2622 duxerit,
381 2542 469 2603 certo
483 2539 620 2619 scimus,
636 2536 759 2603 lactum
776 2538 862 2603 enim
875 2544 924 2603 est
939 2536 1020 2602 illud
1036 2555 1120 2601 anno
1135 2553 1165 2601 u.
1183 2555 1208 2601 0.
1227 2533 1292 2600 710
1302 2568 1338 2587 =
1350 2533 1394 2599 44

223 2665 251 2709 0.
263 2646 335 2711 Ohr.
347 2646 487 2727 ineunte,
502 2662 574 2709 cum
587 2645 708 2709 Caesar
715 2648 792 2726 post
804 2649 955 2724 receptas
963 2643 1144 2723 Hispanias
1152 2641 1393 2724 expeditionem

223 2750 257 2815 in
293 2753 400 2816 Dacos
435 2750 640 2829 Parthosque
673 2748 851 2833 parabat.²)
911 2747 1019 2831 Quare
1057 2768 1136 2814 sane
1174 2755 1273 2814 acuta
1305 2754 1395 2813 esset

224 2855 444 2939 comprobatio
461 2856 621 2939 lideberi,
640 2874 702 2935 qua
718 2855 912 2939 Dionysium
930 2860 1038 2921 aetate
1051 2854 1192 2923 Caecilio
1207 2853 1393 2920 inferiorem

223 2961 326 3028 fuisse
343 2961 516 3045 contendit,
534 2963 563 3027 si
579 2966 656 3027 ante
672 2980 791 3026 anuum
808 2960 861 3026 44.
875 2981 902 3027 a.
919 2960 993 3026 Ohr,
1010 2960 1183 3027 Caecilium
1200 2958 1393 3041 discipulum

222 3068 325 3134 fuisse
347 3068 537 3150 Apollodori
561 3086 694 3135 necesse
726 3077 813 3134 esset
839 3068 987 3150 credere,
1017 3086 1090 3132 cum
1115 3066 1308 3149 Dionysium
1331 3066 1392 3131 suh

223 3172 417 3240 01111130.
444 3174 572 3239 00111.
603 3173 739 3238 Romam
770 3172 900 3240 venisse
929 3177 1058 3238 constet
1080 3171 1189 3251 sitque
1212 3169 1389 3238 verisimile

223 3298 293 3345 eum
328 3281 453 3360 scripta
487 3297 546 3345 sua
576 3280 700 3345 Romae
735 3277 969 3363 composuisse,
1007 3297 1078 3344 cum
1111 3276 1242 3343 nomina
1272 3295 1390 3362 eorum,

223 3385 341 3466 quibus
371 3385 551 3471 dedicavit,
582 3387 762 3452 Romanam
794 3404 875 3467 prae
905 3405 940 3452 se
963 3385 1074 3451 ferant
1105 3382 1301 3469 originem.³)
1347 3386 1393 3450 At

223 3493 322 3560 etiam
345 3496 528 3576 posthunc
551 3511 670 3558 anuum
696 3492 927 3574 Apollodorum
952 3491 1102 3558 docuisse
1127 3496 1272 3573 coustat;
1301 3496 1393 3574 patet

221 3601 283 3666 hoc
306 3601 381 3666 inde
405 3601 489 3680 quod
513 3602 555 3667 M.
580 3600 703 3667 Seneca
732 3603 894 3667 rhetorem
925 3599 1012 3665 inter
1040 3596 1186 3664 homines
1216 3597 1327 3682 magui
1358 3597 1392 3663 iu

221 3711 435 3718 ..wo-m

331 3741 352 3811 ¹)
371 3743 552 3799 Burckhardt.
577 3743 595 3797 l.
614 3745 632 3798 1.
645 3761 671 3812 p.
685 3743 714 3812 53
734 3743 932 3799 Wilamowitz.
955 3743 974 3797 l.
993 3743 1011 3796 l.
1030 3742 1151 3797 Btzoska
1164 3757 1248 3811 pagg.
1267 3739 1318 3809 563
1343 3738 1391 3808 803

223 3832 320 3889 dubius
339 3833 433 3887 haeret
451 3832 583 3897 Blassius,
603 3832 649 3887 Gr.
668 3833 779 3888 Bereds.
815 3849 880 3901 pag.
900 3830 961 3887 175.

330 3919 352 3989 ²)
371 3921 470 3978 Vellei.
500 3921 662 3977 Paterculus
686 3922 724 3987 II,
744 3938 768 3976 0.
793 3919 836 3986 59,
860 3920 885 3974 4.
922 3919 1038 3989 Appiam.
1062 3919 1124 3974 bell.
1149 3919 1201 3974 civ.
1221 3919 1274 3984 III,
1300 3932 1322 3970 c.
1347 3913 1390 3968 25.

222 4012 322 4066 Florus
341 4013 390 4077 IV,
414 4027 436 4065 0.
456 4011 481 4071 2,
505 4009 555 4078 94;
580 4010 655 4065 Plut.
679 4012 758 4065 Brut.
785 4010 828 4064 22.
865 4009 919 4065 Dio
939 4010 1012 4064 Cass.
1031 4008 1107 4063 XLV
1126 4025 1148 4062 0.
1167 4006 1193 4061 3.
1221 4008 1256 4062 cf.
1274 4004 1390 4070 Piderit,

223 4101 256 4154 de
275 4100 440 4168 Apollodoro
453 4101 623 4167 Pergameno
642 4104 670 4154 et
683 4098 825 4155 Theodoro
839 4099 998 4154 Gadarensi.
1035 4097 1167 4164 hiarburg
1186 4093 1268 4160 1842;
1282 4109 1351 4162 pag.
1364 4090 1390 4147 6.

328 4186 354 4254 ⁸)
373 4189 450 4243 velut
474 4189 570 4244 Aelius
597 4188 716 4252 Tubero,
735 4188 858 4243 Melitius
876 4188 981 4254 Rufus,
1007 4187 1055 4242 (11.
1074 4182 1226 4251 Pompeius.
1252 4181 1287 4237 ci.
1306 4181 1391 4238 etiam

221 4278 337 4348 praelat.
357 4277 468 4345 Dionys.
488 4293 581 4333 comm.
601 4279 635 4334 de
653 4283 709 4333 011.
729 4282 811 4332 01011.
831 4292 853 4330 0.
872 4275 896 4331 3.
